2182 2740
1143 144 1184 175 18

542 231 625 262 Ibid.
642 232 694 269 20,
718 231 761 262 50
783 232 812 262 m·
833 231 891 261 tibi
909 231 1048 272 gravitas
1071 236 1124 261 tua
1147 236 1175 262 et
1195 230 1375 271 maqnitudo
1398 230 1498 261 animi
1510 230 1614 271 pluria
1627 229 1705 270 fuit,
1730 230 1846 261 sicuti
1866 239 1941 261 ene

646 287 785 325 debuit,
808 297 902 327 quam
916 287 1067 325 aedilitas,
1091 286 1166 323 noli,
1188 297 1256 317 cum
1271 285 1383 316 habeae
1397 287 1433 316 id
1447 286 1532 327 quod
1544 285 1701 324 malueris,
1717 285 1892 316 decideram
1905 285 1942 316 id

648 343 732 384 quod
752 343 881 373 minoris
901 343 1035 384 putaris.

544 399 581 429 In
597 399 715 429 Auton.
732 408 767 430 v¹
783 399 811 437 7,
831 399 871 429 19
891 404 945 428 aut
963 399 1093 428 vincatis
1110 403 1237 438 oportet,
1259 398 1356 438 quod
1373 397 1542 438 profecto
1565 403 1597 428 et
1615 398 1756 438 pietate
1769 401 1890 427 neutra
1910 401 1942 427 et

648 459 751 484 tanta
777 454 978 484 concordia
1004 453 1292 494 consequemini,
1320 458 1374 484 aut
1400 453 1523 494 quidvis
1546 453 1652 494 potine
1678 462 1772 494 quam
1792 451 1940 483 amentio.

545 509 626 540 Ibid.
644 510 674 548 6,
693 509 732 540 16
752 520 820 540 cum
843 510 923 540 enim
947 509 1041 550 leqati
1054 510 1271 548 renuntiarint,
1295 509 1391 550 quod
1412 514 1507 540 certe
1528 508 1808 547 renuntiabunt,
1831 518 1894 539 non
1907 508 1942 539 in

648 571 748 596 ventra
769 570 925 606 potectate,
948 575 1010 596 non
1032 565 1066 595 in
1089 571 1212 596 senatun
1234 575 1297 596 eoae
1319 565 1500 604 Antonium,
1529 565 1599 606 quio
1621 565 1680 596 erit
1701 570 1765 596 tam
1783 563 1942 606 improbus

649 622 735 660 civis,
760 622 816 662 qui
835 621 925 652 illum
946 622 1041 652 civem
1063 620 1236 652 habendum
1257 626 1349 662 putet.

546 677 626 708 Ibid.
639 677 667 717 3,
680 677 701 709 9
712 677 766 708 sed
775 678 941 718 praeterita
954 678 1143 714 omittamue;
1154 683 1319 719 properent
1332 677 1434 718 leqati,
1448 677 1545 718 quod
1558 677 1662 708 video
1674 676 1941 717 euefacturoe‚

648 744 702 764 voe
724 743 800 774 eaqa
821 738 941 774 parate.

546 788 607 819 Pro
630 787 716 820 Cael.
734 788 763 828 2,
781 788 800 819 3
821 798 1027 829 quaecumque
1048 789 1082 819 in
1099 790 1198 830 equite
1214 789 1354 820 Romano
1370 789 1505 830 diynitao
1528 799 1590 820 esee
1603 789 1710 830 pouit,
1735 798 1829 830 quae
1851 793 1945 819 certe

649 851 769 886 potent
791 856 866 876 enee
889 856 1067 885 maxuma,
1091 856 1158 876 eam
1179 856 1298 886 semper
1318 846 1353 876 in
1369 845 1413 876 M.
1430 845 1534 876 Caelio
1557 843 1694 876 habitam
1709 855 1771 876 ecee
1784 854 1942 875 eummam.

547 900 608 931 Pro
631 900 728 931 Marc.
745 901 774 939 2,
793 901 810 931 7
836 906 931 931 totum
953 901 1019 939 hoc,
1045 906 1321 942 quantumcumque
1346 906 1398 940 eet,
1424 901 1522 942 quod
1543 906 1638 932 certe
1660 901 1854 931 maximum
1877 905 1943 939 ut,

650 962 746 988 totum
767 963 818 997 eet,
842 958 979 998 inquam,
1004 963 1097 988 tuum.

549 1012 609 1043 Pro
633 1012 712 1043 Rab.
731 1012 815 1043 Post..
835 1012 885 1051 16,
902 1013 945 1044 44
968 1014 1030 1043 εἰπε
1051 1024 1124 1044 eane
1146 1013 1202 1043 illa
1224 1024 1347 1053 maqna,
1371 1023 1463 1053 quae
1483 1023 1522 1043 re
1544 1023 1631 1043 vera
1654 1023 1787 1054 maqna
1809 1018 1901 1043 eunt.

549 1068 595 1099 De
612 1068 736 1109 harusp.
754 1079 835 1109 resp.
853 1070 880 1108 7,
901 1069 941 1099 14
964 1074 1018 1099 aut
1039 1069 1123 1099 vobis
1146 1069 1278 1110 coqnitio
1298 1068 1424 1100 dabitur
1436 1093 1443 1100 .
1458 1092 1478 1108 .,
1497 1074 1554 1108 aut·
1569 1074 1691 1100 cenatus
1709 1069 1777 1110 ipae
1795 1067 1945 1100 iudicabit

678 1149 701 1161 .,
724 1131 788 1163 aut,
812 1126 851 1156 id
874 1126 970 1166 quod
991 1131 1086 1156 certe
1099 1125 1192 1165 fiet,
1218 1126 1260 1156 ad
1276 1125 1435 1167 pontifices
1457 1126 1621 1156 reiicietur.

554 1181 612 1211 Pro
637 1180 740 1212 Flacc.
757 1182 808 1220 25,
826 1181 867 1212 59
883 1182 912 1212 ei
933 1181 1028 1221 licuit,
1053 1182 1168 1212 eicuti
1188 1187 1282 1212 certe
1304 1182 1416 1212 licuit
1437 1182 1480 1212 ad
1501 1182 1566 1212 eiua
1587 1181 1716 1212 honore&
1738 1180 1944 1212 collatam...

654 1238 756 1278 patrie
776 1238 941 1278 pecuniam
963 1242 1041 1268 recte
1063 1236 1189 1268 abetulit
1202 1237 1300 1277 filiue.

552 1292 612 1323 Pro
628 1292 733 1333 Ligur.
751 1293 781 1333 5,
801 1294 850 1324 13.
873 1293 912 1324 14
932 1294 961 1324 si
979 1294 1058 1324 enim
1074 1299 1117 1324 eet
1135 1294 1169 1324 in
1184 1293 1288 1332 exilio,
1305 1294 1419 1324 sicuti
1440 1299 1509 1332 est,
1527 1293 1604 1334 quid
1617 1292 1752 1334 amplius
1766 1291 1948 1334 postulatio?

657 1372 685 1379 ..
700 1375 705 1379 .
723 1350 752 1379 ei
765 1359 833 1380 cum
848 1349 905 1380 Ιιοο
920 1348 1196 1389 domisaceremue,
1214 1350 1308 1390 quod
1319 1355 1351 1380 et
1363 1349 1528 1389 fecimue
1547 1355 1580 1380 et
1593 1359 1666 1380 non
1679 1348 1834 1389 frustra
1848 1348 1947 1388 feci-

655 1416 743 1442 mue,
768 1411 800 1436 tu
822 1411 944 1447 repente
965 1406 1118 1436 inuiam.
1376 1398 1379 1401 ’

549 1461 631 1492 Ibid.
649 1461 677 1500 9,
695 1462 735 1492 27
757 1467 791 1492 ut
806 1467 902 1492 cetera
920 1462 1016 1503 paria
1035 1461 1189 1492 Tuberoni
1203 1472 1270 1492 cum
1280 1461 1359 1493 Varo
1369 1461 1519 1501 fuieeent,
1536 1461 1630 1492 honos
1646 1461 1790 1492 nobilitas
1805 1460 1950 1502 oplendor

653 1517 819 1557 inqenium,
842 1527 932 1558 quae
950 1527 1179 1558 nequaquam
1189 1516 1363 1557 suerunt,
1385 1517 1441 1548 hoc
1457 1523 1534 1548 certe
1547 1518 1749 1559 praecipuum
1769 1516 1947 1547 Tuberonis.

550 1571 586 1603 In
604 1573 722 1604 Anton.
740 1582 774 1604 Ν
789 1573 818 1613 4,
836 1573 856 1604 9
871 1584 926 1604 nec
941 1572 979 1604 ab
994 1573 1111 1604 iudicio
1136 1574 1271 1604 omnium
1294 1573 1481 1612 mortalium,
1506 1574 1646 1615 quamvis
1661 1574 1753 1615 impii
1773 1573 1950 1614 nefariique

654 1630 724 1669 sint,
749 1630 846 1660 sicut
867 1635 965 1668 eunt,
989 1630 1148 1660 dissentire
1166 1635 1306 1671 possunt.

551 1684 588 1715 In
606 1684 711 1716 Pison.
732 1685 780 1724 10,
798 1685 840 1716 23
857 1696 924 1715 cum
947 1686 1022 1716 civis
1038 1686 1075 1724 ie,
1092 1696 1181 1726 quem
1196 1685 1246 1716 hic
1261 1686 1336 1716 ordo
1351 1710 1357 1716 .
1371 1709 1377 1715 .
1392 1691 1633 1717 commutarem
1645 1686 1770 1727 patriae
1784 1685 1949 1726 iudicarat,

655 1741 740 1773 nullo
763 1742 890 1781 iudicio,
914 1742 1001 1773 nulla
1024 1742 1097 1783 leqe,
1121 1742 1206 1773 nullo
1229 1754 1312 1773 more
1333 1744 1455 1774 servitio
1479 1748 1569 1784 atque
1591 1743 1686 1774 armis
1707 1743 1871 1784 pelleretur
1889 1753 1951 1773 non

656 1799 757 1828 dicam
780 1799 899 1829 auxilio
922 1805 1031 1836 vestro,
1057 1799 1153 1839 quod
1174 1809 1254 1829 vere
1277 1799 1362 1829 licet
1383 1799 1517 1837 dicere,
1541 1799 1595 1829 sed
1615 1804 1692 1829 certe
1713 1799 1841 1829 silentio.

551 1853 631 1884 Ibid.
652 1853 700 1893 19,
718 1854 760 1885 43
775 1864 872 1895 neque
887 1864 957 1885 vero
973 1864 1039 1896 eqo,
1056 1855 1085 1885 si
1098 1864 1244 1896 umquam
1259 1854 1344 1885 vobis
1359 1854 1442 1885 mala
1456 1864 1611 1896 precarer,
1629 1854 1726 1896 quod
1739 1853 1949 1896 eaepefeci,

658 1935 664 1941 .
678 1933 685 1940 .
702 1935 708 1941 .
721 1909 860 1941 morbum
882 1916 937 1940 aut
958 1916 1084 1940 mortem
1106 1916 1160 1940 aut
1182 1911 1351 1940 cruciatam
1369 1920 1527 1950 precarer.

552 1964 634 1996 Ibid.
654 1965 704 2003 14,
723 1965 764 1996 32
780 1966 810 1996 si
830 1966 907 2007 quid
928 1965 1006 1996 milti
1017 1970 1116 2007 potest
1131 1976 1150 1996 a
1166 1975 1199 1996 re
1212 1964 1338 2007 publica
1355 1975 1417 1996 enee
1431 1967 1610 2004 seiunctum,
1632 1966 1726 2006 quod
1741 1966 1803 1997 vix
1814 1971 1949 2008 potest,

655 2023 805 2062 privatim
828 2023 870 2052 ad
891 2033 990 2052 meum
1012 2033 1121 2052 nomen
1145 2022 1326 2061 auyendum,
1351 2022 1519 2062 optandam
1541 2022 1619 2052 duco
1641 2021 1719 2052 mihi
1739 2021 1844 2061 fuisse
1865 2022 1952 2052 illam

656 2077 914 2118 expetendamque
927 2077 1104 2117 fortunam.

553 2132 613 2164 Pro
629 2133 721 2165 Balb.
742 2134 790 2173 16,
807 2133 849 2165 37
874 2134 986 2175 quodsi
1010 2134 1074 2164 iam
1096 2134 1140 2164 ita
1164 2140 1248 2172 esset,
1272 2139 1308 2164 ut
1331 2144 1405 2164 eece
1426 2144 1495 2164 non
1517 2139 1650 2174 potest,
1675 2139 1775 2164 tamen
1795 2134 1832 2165 de
1845 2139 1953 2165 nostra

655 2190 820 2229 maiestate,
845 2189 925 2220 nihil
946 2190 983 2220 de
1004 2189 1130 2220 illorum
1152 2195 1315 2220 caveretur.

399 2243 480 2276 Sunt
502 2245 564 2276 alia
586 2245 693 2285 multa,
719 2245 774 2277 sed
798 2244 943 2276 addimus
966 2256 1062 2276 unum
1086 2244 1145 2276 hoe
1169 2244 1206 2276 de
1229 2245 1282 2276 fin.
1299 2245 1328 2285 5,
1347 2245 1396 2283 30,
1414 2245 1456 2277 92

655 2301 709 2332 ille
730 2311 800 2332 vero
816 2302 846 2332 ei
866 2302 1027 2342 insipiens,
1053 2302 1151 2342 quod
1173 2306 1280 2340 certe,
1305 2302 1451 2342 quoniam
1466 2306 1627 2342 tyrannm,
1651 2312 1819 2342 numquam
1837 2301 1951 2338 beatus,

398 2357 545 2398 quoniam
563 2368 601 2388 ex
618 2357 812 2388 orationibus
833 2357 938 2397 egredi
962 2357 1000 2388 ad
1023 2358 1140 2398 scripta
1159 2357 1345 2398 philosopha
1365 2368 1447 2388 nunc
1470 2358 1592 2388 animus
1613 2368 1674 2387 non
1698 2362 1755 2388 est.
1791 2356 1950 2397 Quidquid

398 2417 501 2442 autem
527 2413 685 2443 varietatis
709 2417 758 2444 est
778 2413 809 2443 iu
832 2412 983 2453 his·quae
1007 2412 1203 2452 collegimus,
1228 2423 1326 2452 genus
1347 2412 1474 2454 quidem
1495 2412 1578 2443 idem
1598 2412 1747 2443 orationis
1772 2412 1952 2453 agnoscitur
