2182 2740
982 164 999 195 7

373 250 483 292 Itaque
506 261 562 281 nos
579 261 707 292 pravam
723 261 791 282 esse
807 250 1021 282 existimamus
1044 251 1123 281 hanc
1139 251 1314 292 explicandi
1333 251 1493 290 rationem,
1511 262 1573 292 qna
1589 251 1766 292 interpolati

220 308 397 350 opinionem
413 306 523 338 fulcire
544 306 736 339 studuerunt.
763 307 873 349 Neque
888 312 992 339 tamen
1011 318 1047 339 eo
1065 307 1240 348 relabimur,
1259 313 1292 338 ut
1304 305 1487 339 Ciceronem
1503 307 1605 350 ipsum
1624 313 1765 348 putemus

219 368 290 407 post
304 364 360 396 illa
373 365 469 395 nontin
484 369 582 395 cetera
597 363 707 395 eodem
722 369 829 395 tenore
844 364 976 396 alterum
994 375 1115 395 versum
1132 375 1203 395 cum
1222 365 1465 405 interrogatione
1485 365 1595 396 afferre
1615 365 1765 404 potuisse.

219 420 336 452 Verum
359 419 419 451 hoc
440 424 563 461 oportet
585 419 728 459 intelligi,
753 419 813 450 ista
830 419 879 450 via
901 419 979 450 nihil
1003 420 1069 451 sani
1094 425 1148 451 aut
1167 420 1241 451 certi
1263 420 1387 452 criticos
1409 431 1478 452 esse
1493 425 1663 460 assecutos,
1681 419 1711 451 id
1728 430 1765 451 eo

219 477 331 516 minus,
353 475 435 517 quod
452 475 582 507 seclusis
598 486 677 516 quae
693 475 812 507 secludi
828 475 945 515 iubent,
963 487 1032 506 cum
1049 476 1088 507 ad
1103 476 1302 517 insequentia
1318 477 1412 507 verba
1427 482 1608 518 perventum
1625 482 1673 508 est
1688 487 1767 517 quae

218 533 342 573 scripsit
357 533 464 573 yravie
483 540 511 562 et
523 533 699 572 inqeniooua
712 537 803 573 poeta
818 533 943 573 scripsit
957 543 1019 562 non
1034 538 1067 562 ut
1081 532 1151 562 illos
1167 556 1174 563 .
1190 555 1197 563 .
1213 532 1267 562 sed
1280 537 1314 562 ut
1328 543 1383 562 nos
1398 534 1549 571 excitaret,
1575 543 1682 563 rursus
1707 543 1764 563 nos

220 588 328 619 turbae
350 588 510 629 excipiunt
533 587 660 618 minime
682 587 745 618 iam
768 587 968 629 compositae.
1003 586 1105 626 Quam
1130 587 1213 618 enim
1234 587 1328 618 fidem
1348 587 1497 619 habemus
1514 588 1575 619 illis
1591 598 1670 629 quae
1686 588 1765 618 forte

219 644 317 676 videri
335 648 478 685 poterant
492 649 579 685 parte
591 642 713 675 abiecta
728 643 805 675 satis
816 647 900 675 recte
912 643 1063 675 adornata
1075 654 1155 682 esse,
1169 643 1195 674 si
1212 648 1314 675 tamen
1332 644 1362 674 in
1380 644 1530 685 proximis
1546 644 1686 676 salebrae
1700 654 1757 685 pro

218 699 410 741 gredientem
425 699 578 730 inhibent.
601 699 683 730 Nam
699 699 724 730 si
741 699 793 740 qui
811 699 854 730 ita
865 699 1099 738 ratiocinantur,
1117 699 1247 730 alterum
1260 701 1385 740 eoripeit
1397 710 1480 730 mero
1493 700 1649 731 scribendi
1662 710 1765 730 errore

218 755 383 797 repetitum
407 761 438 786 et
458 755 525 786 sine
545 755 741 786 cunctatione
756 754 965 786 obiiciendum
983 765 1062 795 esse,
1086 766 1124 786 ea
1137 755 1349 786 memorabilis
1365 760 1414 786 est
1428 755 1633 796 incogitantia
1648 766 1763 795 eorum,

217 811 271 853 qui
286 822 348 842 non
365 810 473 842 vident
487 810 564 842 haec
576 811 681 842 omnia
695 811 775 842 inter
791 822 823 842 se
839 822 920 842 nexa
932 817 964 842 et
979 811 1126 851 colligata
1138 811 1176 842 ad
1194 822 1286 842 unam
1300 812 1470 843 orationem
1488 812 1650 852 pertinere,
1665 823 1763 853 neque

217 878 309 909 posse
324 867 391 899 eius
407 872 549 899 constare
565 867 813 899 emendationem
829 867 891 899 nisi
907 878 986 909 quae
1006 878 1044 898 ex
1061 878 1122 898 uno
1137 867 1290 909 principio
1306 867 1398 899 ducta
1413 868 1468 898 toti
1487 868 1660 899 sententiae
1676 879 1764 899 suam

216 923 318 954 lucem
332 923 484 954 restituat.
508 923 633 954 Etenim
650 928 683 954 ut
700 923 932 964 proficiscamur
947 924 986 954 ab
1003 923 1061 954 hoc
1077 923 1193 964 duplici
1210 924 1305 955 verbo
1320 925 1452 965 scripsit,
1466 924 1562 965 quid?
1578 925 1605 955 si
1621 924 1764 965 ponimus

217 978 375 1020 paulisper
389 978 525 1020 exempli
541 989 635 1009 cansa
650 979 680 1009 in
698 990 731 1009 rc
747 979 866 1010 incerta
882 979 1030 1019 scriptum
1047 978 1144 1010 fuisse
1158 979 1233 1010 haec
1247 990 1327 1020 quae
1341 980 1466 1021 scripsit
1476 981 1652 1021 inqenioeue
1661 985 1761 1024 poeta,

215 1036 340 1077 scripsit
360 1046 423 1066 mm
445 1040 480 1066 ut
499 1035 570 1066 illos
586 1058 592 1065 .
610 1060 616 1066 .
634 1036 688 1066 ced
708 1041 742 1066 ut
762 1046 818 1066 noo
839 1058 846 1066 .
869 1060 876 1066 .
897 1036 1050 1074 excitaret,
1076 1035 1125 1066 vel
1146 1035 1220 1067 haec
1243 1036 1299 1077 qui
1318 1037 1444 1078 scripsit
1464 1037 1641 1078 inqenioeus
1662 1042 1762 1078 poeta,

215 1092 339 1132 scripsit
359 1102 421 1123 non
443 1090 499 1123 illo
523 1091 658 1131 coneilio,
675 1092 729 1123 eed
742 1091 808 1130 hoc,
827 1102 928 1122 nonne
944 1091 1016 1122 ilico
1032 1096 1163 1132 apparet
1177 1102 1256 1132 quae
1272 1092 1352 1123 ratio
1366 1091 1460 1123 fuerit
1475 1096 1529 1123 aut
1544 1102 1612 1123 esse
1628 1092 1764 1133 potuerit

215 1147 344 1178 duorum
360 1147 534 1188 verborum,
551 1148 775 1188 geminatorum
793 1147 914 1179 scilicet
927 1147 991 1178 fere
1003 1147 1043 1178 ad
1059 1158 1130 1179 eum
1147 1147 1269 1179 modum
1287 1159 1348 1189 quo
1360 1147 1482 1180 Ennius
1498 1148 1624 1189 scripsit
1635 1148 1762 1179 Andro-

215 1203 340 1234 mat-luae
350 1214 458 1234 nomen
469 1205 526 1244 qui
533 1204 658 1242 indidit,
671 1209 747 1234 recte
758 1205 787 1234 ei
796 1203 931 1234 indidit?
946 1204 1050 1244 Atque
1062 1214 1101 1234 ex
1113 1204 1171 1234 hac
1183 1210 1269 1244 parte
1280 1205 1408 1243 exorsis,
1422 1205 1568 1244 quoniam
1582 1209 1664 1234 totns
1674 1209 1763 1234 tenor

217 1258 315 1299 docet,
339 1258 415 1290 haec
431 1269 510 1300 quae
527 1258 602 1290 dicit
618 1257 729 1291 Cicero
745 1258 783 1290 de
798 1258 959 1300 ingenioso
974 1257 1066 1300 poeta
1081 1258 1180 1300 deque
1200 1258 1266 1290 eius
1287 1259 1425 1290 consiliis
1448 1270 1527 1300 quae
1547 1259 1608 1290 ista
1622 1259 1761 1290 oratione

216 1319 381 1345 exsecutus
394 1315 435 1345 sit
446 1314 484 1345 ad
498 1325 535 1345 ea
545 1314 645 1345 redire
658 1314 770 1355 quibus
784 1325 817 1345 se
829 1315 873 1345 uti
885 1314 999 1345 fatetur
1010 1315 1042 1345 in
1055 1314 1358 1345 commonefaciendo
1370 1315 1444 1354 filio,
1461 1315 1522 1345 iam
1536 1325 1634 1355 paene
1649 1315 1759 1354 elucet,

216 1369 488 1410 interrogationem
501 1369 602 1410 istam,
620 1379 699 1411 qnae
711 1374 782 1400 ante
793 1369 928 1411 pendere
942 1369 1105 1401 videbatur
1116 1370 1226 1410 soluta,
1238 1380 1338 1401 nonne
1348 1371 1383 1400 id
1394 1371 1477 1411 quod
1490 1370 1580 1401 niulti
1592 1371 1760 1410 invideant,

215 1437 234 1457 a
249 1426 461 1467 superioribus
477 1426 647 1458 seiunctam
665 1426 751 1466 iungi
767 1431 908 1467 oportere
924 1436 995 1457 cum
1010 1426 1208 1457 inferioribus
1225 1437 1342 1468 suoque
1359 1427 1482 1458 vinculo
1499 1427 1609 1458 vinciri
1626 1427 1665 1458 iis
1681 1437 1761 1468 quae

216 1482 254 1513 de
274 1486 382 1523 poetae
403 1482 561 1513 voluntate
577 1482 730 1513 dicuntur.
769 1481 806 1513 In
829 1493 922 1513 unum
943 1481 1020 1513 haec
1036 1482 1156 1523 collige,
1181 1488 1212 1514 et
1234 1483 1365 1514 habebis
1388 1494 1467 1524 quae
1484 1482 1595 1515 Cicero
1619 1484 1760 1515 senserit.

472 1538 558 1569 Haec
572 1538 623 1569 illi
635 1538 715 1569 soleo
726 1539 915 1580 praecipere,
929 1549 1008 1580 quae
1021 1539 1075 1570 ille
1089 1550 1110 1569 a
1124 1539 1193 1570 Iove
1205 1545 1288 1570 ortua
1303 1540 1367 1570 cuis
1380 1541 1534 1581 praecipit
1539 1540 1628 1579 filiis.
1653 1538 1761 1582 “Viqi-

472 1594 599 1625 landum
617 1599 661 1625 eet
679 1604 812 1636 sernper:
834 1594 948 1626 multae
961 1595 1095 1626 insidiae
1108 1601 1181 1626 eunt
1194 1593 1309 1627 bonis?
1330 1597 1426 1627 noetis
1441 1602 1547 1627 cetera.
1581 1596 1692 1627 Nonne
1705 1595 1762 1627 “id

473 1651 556 1691 quod
568 1650 659 1681 multi
670 1648 856 1681 invideant”
874 1652 938 1691 qui
954 1652 1080 1692 semiprit
1090 1653 1197 1692 yravie
1212 1658 1239 1682 et
1253 1653 1428 1692 inqenioeuo
1439 1658 1542 1693 poeta,
1559 1654 1685 1694 eor-ipsit
1697 1663 1760 1683 non

471 1711 505 1736 ut
519 1705 589 1736 illoc
603 1706 704 1747 reyioe
717 1715 840 1747 pueros,
861 1706 918 1747 qui
929 1706 993 1737 iam
1008 1716 1160 1748 nusquam
1175 1713 1270 1747 erant,
1287 1708 1340 1738 ced
1354 1713 1388 1738 ut
1401 1718 1457 1739 noo
1473 1713 1499 1739 et
1513 1713 1633 1739 nomos
1648 1707 1760 1739 liber-00

471 1762 514 1792 ad
534 1761 668 1792 laborem
689 1767 718 1792 et
738 1763 781 1792 ad
802 1762 923 1792 laudem
945 1763 1108 1793 excitaret?

215 1817 246 1848 in
266 1817 379 1859 quibus
395 1816 474 1848 nihil
497 1827 515 1848 a
536 1816 598 1848 fide
621 1816 769 1848 librorum
786 1816 927 1857 discedit,
952 1817 1014 1848 nisi
1029 1817 1113 1859 quod
1128 1817 1233 1849 littera
1247 1823 1366 1849 mutata
1382 1819 1439 1859 qui
1451 1818 1620 1859 repositum
1638 1823 1686 1850 est
1701 1828 1757 1860 pro

214 1884 291 1914 quoe,
315 1873 445 1914 proclivi
461 1884 563 1904 errore
586 1873 683 1904 altera
704 1873 804 1904 forma
827 1873 1018 1913 pronominis
1041 1879 1168 1905 exarata
1190 1885 1245 1915 pro
1268 1874 1373 1905 altera.

367 1929 478 1971 Itaque
502 1927 612 1961 Cicero
635 1929 709 1971 quia
731 1939 764 1960 se
788 1933 893 1960 narrat
914 1929 1091 1971 praecipere
1113 1929 1178 1961 filio
1201 1940 1281 1971 quae
1304 1931 1418 1961 Atreus
1443 1929 1480 1961 de
1505 1929 1667 1970 tragoedia
1690 1930 1756 1962 suis

213 1985 286 2016 filiis
313 1986 494 2027 praecipiat,
523 1996 647 2017 causam
676 1985 763 2016 addit
789 1996 851 2026 qua
877 1996 971 2017 causa
994 1997 1026 2017 se
1050 1986 1080 2016 id
1104 1992 1188 2017 recte
1210 1986 1310 2017 facere
1334 1986 1476 2026 affirmet,
1501 1997 1569 2017 eum
1594 1987 1639 2017 ita
1661 1986 1754 2026 dicat,

213 2040 268 2072 illa
282 2041 337 2082 qui
352 2042 512 2083 scripserit
534 2041 729 2082 ingeniosum
752 2045 874 2083 poetam
898 2041 1061 2082 scripsisse
1085 2052 1146 2072 non
1170 2046 1204 2073 ut
1220 2041 1309 2072 Atrei
1331 2042 1412 2072 filios
1436 2042 1489 2082 qui
1513 2042 1575 2072 iam
1599 2052 1755 2083 nusquam

214 2102 320 2128 essent
346 2097 400 2129 sed
429 2103 463 2129 ut
490 2097 541 2139 qui
571 2097 712 2129 viverent
739 2097 951 2129 adolescentes
979 2097 1018 2128 ad
1046 2097 1184 2129 laborem
1211 2103 1242 2128 et
1264 2097 1388 2128 laudem
1412 2097 1576 2136 excitaret3
1606 2097 1661 2128 sed
1684 2108 1752 2128 eam

213 2163 339 2184 causam
364 2164 425 2184 non
449 2153 531 2194 quod
555 2157 675 2194 poterat
697 2164 752 2194 per
778 2153 972 2184 enuntiatum
999 2153 1122 2183 causale
1149 2152 1238 2183 affert
1263 2163 1369 2183 verum
1398 2152 1641 2192 interrogatione
1669 2163 1753 2192 usus,

213 2219 293 2249 quae
320 2209 414 2239 etiam
440 2208 598 2239 fortiorem
626 2209 688 2239 vim
717 2208 916 2240 asseverandi
945 2208 1085 2239 haberet:
1114 2207 1233 2239 ‘nonne
1259 2208 1313 2238 illa
1340 2208 1393 2248 qui
1420 2208 1546 2248 scripsit
1572 2207 1754 2247 ingeniosus

212 2268 304 2303 poeta
326 2264 452 2305 scripsit
473 2274 535 2294 non
561 2267 594 2294 ut
614 2263 685 2294 illos
707 2263 760 2304 qui
784 2273 937 2304 nusquam
960 2268 1065 2294 essent
1086 2262 1141 2294 sed
1165 2267 1198 2293 ut
1219 2263 1276 2294 hos
1299 2263 1352 2304 qui
1373 2268 1479 2293 essent
1500 2262 1538 2293 ad
1562 2262 1686 2293 laudem
1702 2273 1753 2293 ex-

213 2316 356 2352 citaret?
388 2319 427 2351 In
444 2331 505 2362 qua
523 2331 556 2351 re
576 2319 658 2362 quod
682 2331 742 2352 non
767 2320 799 2351 in
823 2330 884 2351 uno
906 2318 960 2351 illo
984 2330 1075 2351 versu
1098 2330 1130 2351 se
1154 2319 1297 2358 continet,
1321 2329 1381 2360 quo
1404 2318 1537 2360 primum
1562 2329 1636 2350 usus
1656 2323 1754 2351 totam

213 2375 298 2415 ῥῆσιν
313 2376 402 2406 Atrei
426 2376 623 2415 significavit,
648 2375 702 2406 sed
726 2376 756 2406 in
780 2375 878 2406 altera
901 2376 1056 2406 sententia
1078 2386 1184 2406 rursus
1207 2375 1334 2405 alterum
1361 2385 1484 2405 versum
1507 2386 1545 2405 ex
1561 2374 1670 2405 eadem
1686 2386 1752 2406 ora-

213 2431 297 2463 tione
324 2431 539 2473 depromptum
568 2432 669 2473 ponit,
702 2442 771 2463 oum
799 2436 905 2473 posset
929 2432 1111 2473 pronomine
1138 2431 1262 2472 defungi
1291 2436 1323 2462 ut
1350 2431 1394 2461 ita
1420 2430 1550 2470 diceret,
1573 2429 1647 2470 ‘filio
1673 2431 1754 2462 soleo
