2182 2740
1136 134 1176 165 12

382 225 553 260 praestare,
578 220 661 261 quod
686 231 743 251 nec
766 232 822 251 sua
846 220 875 251 vi
900 221 1025 261 propria
1054 225 1124 261 post
1150 231 1187 251 ea
1209 231 1289 261 quae
1313 221 1501 261 praecedunt
1522 221 1688 261 interficere
1709 226 1846 252 unacum
1868 221 1928 253 dici

380 277 529 317 potuerit,
558 287 615 307 nec
643 276 790 307 usitatam
817 276 1056 307 translationem
1079 276 1208 308 habeat:
1236 276 1423 308 desiderium
1451 277 1569 318 expleri
1597 277 1622 308 si
1651 288 1690 308 ex
1717 278 1843 309 interire
1867 277 1930 309 leni

380 342 475 373 opera
497 333 643 362 uiterrere
665 332 828 363 efficiatur.
860 332 959 373 quue
982 332 1122 374 plerique
1145 333 1243 364 secuti
1267 339 1349 373 sunt,
1373 344 1431 364 neo
1454 338 1536 364 certe
1561 333 1754 375 probabilius
1777 338 1826 365 est
1847 334 1930 375 quod

380 388 542 429 Kayserus
565 388 596 419 in
621 387 751 419 eandem
776 388 964 420 sententiam
993 388 1048 420 sed
1072 389 1188 420 maiore
1215 389 1374 421 molimine
1401 389 1588 421 emendandi
1616 389 1711 421 scribi
1736 389 1846 421 maluit
1867 391 1930 421 vim

379 444 496 484 inferre
516 445 648 485 patriae.
695 442 758 475 Sed
783 444 865 475 hunc
889 445 1068 485 scrupulum
1092 444 1176 475 felici
1198 456 1284 476 remo
1308 451 1536 486 praetervectos
1553 445 1669 486 excipit
1684 456 1800 476 novum
1815 449 1848 476 et
1862 456 1930 486 gra-

381 500 450 531 vius
473 500 669 531 obstaculum
699 501 729 531 in
754 501 793 532 iis
816 511 896 542 quae
920 506 1092 542 sequuntur
1114 512 1167 532 vos
1186 502 1358 533 adiuvisti&
1397 500 1481 541 Quid
1501 502 1585 533 enim
1601 506 1654 533 aut
1668 512 1762 543 quem
1776 501 1932 533 adiuvisse

380 556 546 587 dicuntur?
574 558 763 597 patriamne,
786 557 868 598 quod
893 568 931 588 ex
955 558 1112 598 superiore
1136 558 1292 589 sententia
1314 558 1448 599 intelligi
1472 563 1601 599 poterat,
1626 558 1692 589 sive
1714 558 1841 589 interire
1864 564 1930 589 erat

379 612 446 642 sive
461 613 494 642 vi
507 618 620 643 terrere
631 613 780 654 patriam,
805 624 844 643 an
862 611 1030 643 Catilinam
1048 623 1180 654 quocum
1197 614 1438 654 comparantur?
1468 613 1643 654 Utrumque
1658 613 1775 654 pariter
1789 613 1929 654 ineptum

380 674 437 708 est,
462 673 516 698 aut
538 679 591 699 eos
615 669 770 699 adiuvisse
790 670 927 710 patriam
950 669 1020 708 dici,
1045 680 1122 710 quos
1142 669 1274 710 patriam
1298 671 1382 701 omni
1403 681 1515 710 genere
1536 669 1690 711 perditum
1706 669 1801 701 ivisse
1817 670 1928 709 arguit,

380 730 434 755 aut
457 723 626 755 Catilinam
651 725 813 764 adiuvieoe,
839 725 920 765 quod
944 725 1012 755 fieri
1029 736 1090 755 non
1107 726 1216 765 potuit,
1241 726 1293 756 cui
1308 726 1379 757 illos
1396 726 1498 757 simile
1521 726 1576 757 sed
1592 726 1718 766 gravius
1734 730 1929 767 perpetrasse

380 780 606 812 sententiarum
629 791 721 812 cursu
745 781 888 821 exigitur.
917 779 1002 819 Quid
1019 792 1092 822 ergo
1108 782 1177 813 est?
1207 781 1386 823 Madvigius
1407 783 1460 823 qui
1480 783 1642 814 adiuvistie
1662 793 1841 823 perversum
1860 792 1930 813 esse

380 837 483 875 evicit,
508 836 546 866 ad
571 836 820 877 interpolationis
841 837 973 868 salutem
990 837 1143 877 confugit:
1169 836 1354 868 Ciceronem
1375 837 1452 868 haec
1472 838 1554 869 inter
1573 849 1607 869 se
1623 837 1794 879 copulasse,
1818 837 1931 876 (voluit

378 892 446 930 ille)
468 894 502 923 vi
522 898 633 923 ter-rere
653 894 807 934 patriam:
831 894 907 934 quid
928 899 971 924 eet
989 893 1074 924 vobis
1097 893 1272 924 consulibua
1291 899 1410 935 qeetum
1432 895 1498 924 eine
1519 894 1634 925 amic?
1655 899 1687 924 et
1705 893 1779 935 quia
1797 893 1929 925 formam

378 948 573 988 figuramque
595 948 746 979 orationis
768 948 813 979 ita
829 954 987 988 mutasset,
1014 955 1047 979 ut
1063 960 1117 990 pro
1134 949 1340 980 affirmatione
1357 950 1425 987 (voe
1441 951 1545 981 omnia
1559 951 1655 980 armis
1668 949 1820 991 qouniam)
1836 950 1930 980 inter-

378 1004 572 1043 rogationem
595 1010 732 1045 poneret,
757 1004 909 1035 accidisse
935 1010 967 1035 ut
989 1005 1102 1046 aliquis
1130 1006 1182 1046 qui
1207 1005 1339 1037 eandem
1363 1016 1432 1036 cnm
1456 1005 1667 1047 superioribus
1691 1005 1839 1036 membris
1862 1016 1928 1036 ora-

378 1059 472 1090 tionis
500 1059 630 1090 formam
658 1060 831 1100 requireret
860 1071 917 1091 nec
943 1061 1025 1102 quod
1050 1062 1221 1102 quaerebat
1243 1062 1275 1092 in
1300 1062 1368 1103 ipsa
1391 1062 1635 1102 interrogatione
1659 1061 1762 1092 inesse
1789 1061 1928 1092 animad-

379 1120 521 1154 verteret,
542 1115 682 1156 ineptum
699 1115 776 1146 illud
792 1126 845 1147 vos
861 1118 1024 1148 adiuvistie
1038 1117 1260 1158 interponeret.
1296 1119 1400 1158 Atque
1415 1117 1449 1148 in
1465 1127 1502 1148 ea
1517 1128 1550 1148 re
1565 1116 1725 1157 Madvigio
1741 1117 1929 1148 recentiores

378 1171 513 1202 editores
536 1171 719 1202 obedienter
745 1177 923 1212 paruerunt.
969 1172 1057 1203 Haec
1085 1184 1208 1214 quoque
1232 1173 1330 1204 oculis
1354 1173 1538 1204 subiicimus
1565 1170 1685 1214 (pereat
1713 1172 1784 1203 vilis
1811 1172 1927 1213 charta,

379 1227 471 1258 modo
495 1227 572 1259 haec
596 1238 675 1269 quae
701 1228 843 1259 volumus
866 1229 1032 1269 perspicua
1054 1228 1153 1267 fiant).

636 1284 734 1315 voluit
754 1284 807 1315 ille
827 1284 992 1323 (Catilina)
1014 1291 1152 1316 senatum
1174 1286 1354 1325 interficere:
1377 1296 1430 1317 voe
1452 1285 1631 1321 sustulistis,-
1654 1285 1733 1327 ἱερου
1753 1285 1929 1316 incendere:

380 1355 420 1372 vos
431 1347 562 1372 adiuviatis
636 1350 690 1371 vos
717 1340 905 1381 abroqaeli35
931 1342 964 1371 vi
985 1346 1096 1372 terrere
1119 1341 1275 1379 (interire)
1297 1342 1448 1383 patriam:
1476 1342 1554 1382 quid
1574 1347 1618 1372 eat
1642 1340 1727 1372 vobis
1754 1341 1928 1372 concidibus

639 1401 755 1435 qestum
777 1397 843 1427 eine
865 1397 979 1427 armis?
1637 1399 1641 1403 '

379 1449 459 1488 Quis
483 1457 531 1482 est
553 1451 658 1491 igitur,
687 1452 740 1491 qui
765 1462 834 1482 cum
859 1452 935 1482 haec
958 1452 1050 1491 legat,
1079 1463 1141 1482 non
1169 1452 1199 1482 id
1224 1453 1372 1492 patiatur,
1401 1452 1485 1493 quod
1511 1452 1700 1483 Aristoteles
1727 1455 1929 1491 προσπταίειν

379 1507 455 1538 dicit
478 1507 532 1537 διὰ
554 1506 609 1547 τὴν
630 1504 837 1547 ἇντίκρουσινι
870 1507 947 1538 adeo
971 1508 1054 1538 enim
1079 1508 1199 1539 duobus
1220 1509 1368 1539 membris
1394 1508 1592 1549 comparibus
1612 1507 1804 1549 praegressis
1825 1508 1929 1539 affecti

378 1574 495 1602 sumus,
520 1568 554 1593 ut
576 1563 608 1593 in
624 1563 716 1594 tertio
732 1563 836 1594 subito
853 1563 961 1594 relicta
976 1564 1126 1595 orationis
1141 1564 1249 1605 figura,
1275 1575 1368 1605 quam
1383 1576 1447 1595 non
1463 1569 1640 1606 poteramus
1657 1575 1718 1595 non
1736 1569 1926 1606 exspectare,

377 1620 514 1659 graviter
536 1618 739 1658 offendamur,
764 1630 834 1650 cum
859 1621 1050 1660 praesertim,
1075 1620 1169 1651 etiam
1193 1621 1221 1651 si
1242 1620 1409 1651 affirmatio
1425 1626 1509 1651 esset
1523 1630 1579 1661 pro
1595 1620 1850 1661 interrogatione,
1873 1631 1927 1652 voe

377 1676 481 1706 omnia
508 1677 604 1706 armis
628 1676 778 1716 quoiam,
806 1687 846 1707 ne
873 1676 919 1706 sic
946 1675 1071 1717 quidem
1099 1676 1195 1707 initae
1222 1676 1335 1707 rationi
1364 1676 1558 1707 satisfactum
1583 1675 1749 1708 videretur.
1794 1676 1951 1708 Adeone·

377 1730 562 1763 Ciceronem
579 1743 598 1762 a
613 1742 646 1763 se
662 1732 764 1773 ipsum
782 1731 954 1763 defecisse?
985 1733 1082 1773 Atqui
1106 1743 1167 1763 non
1191 1732 1236 1763 ita
1258 1732 1336 1763 haec
1352 1732 1469 1773 scripta
1488 1732 1608 1763 suntin
1624 1732 1723 1772 libris,
1748 1732 1804 1764 sed
1820 1732 1928 1763 addita

377 1799 438 1819 non
463 1788 494 1818 in
519 1788 659 1829 margine
683 1788 738 1819 sed
761 1798 816 1819 suo
840 1788 908 1819 loco
931 1789 1071 1820 oratione
1094 1789 1218 1830 qualem
1239 1789 1410 1820 desiderari
1430 1788 1575 1827 diximus,
1599 1789 1633 1820 vi
1649 1795 1761 1820 terrere
1773 1790 1927 1831 patriam.-

376 1855 429 1875 vos
451 1845 622 1875 adiuvistis.
669 1843 760 1883 Quod
785 1845 811 1875 si
836 1845 894 1875 hoc
918 1845 1149 1886 interpolatoris
1172 1845 1324 1876 beneficio
1346 1844 1461 1876 factum
1485 1849 1542 1884 est,
1568 1850 1601 1875 ut
1620 1845 1703 1876 adsit
1718 1845 1801 1886 quod
1817 1846 1927 1876 abesse

378 1912 438 1931 non
467 1911 558 1942 posse
583 1900 730 1940 vidimus,
758 1912 865 1933 rursus
893 1900 1084 1932 laudandum
1112 1912 1182 1933 esse
1209 1901 1291 1932 hunc
1318 1901 1573 1942 interpolatorem
1600 1900 1744 1941 dicimus,
1773 1901 1825 1942 qui
1853 1901 1927 1943 quia

377 1956 436 1987 hac
458 1962 546 1997 parte
570 1954 732 1987 Ciceronis
755 1957 916 1998 periodum
941 1957 1099 1988 labascere
1122 1958 1231 1996 noluit,
1257 1968 1313 1989 suo
1337 1957 1474 1998 periculo
1497 1956 1627 1997 addidit,
1651 1957 1734 1998 quod
1755 1957 1926 1988 desiderari

377 2023 438 2044 non
463 2012 577 2044 debere
600 2012 763 2044 intellexit.
796 2012 913 2044 Verum
936 2013 1140 2055 interpolator
1163 2013 1245 2055 quod
1269 2013 1378 2055 potuit,
1403 2011 1588 2044 Ciceronem
1603 2023 1666 2043 non
1682 2012 1844 2054 potuisse?
1882 2013 1927 2044 At

376 2070 516 2110 ineptum
533 2075 581 2100 est
596 2070 768 2100 adiuvistio.
792 2069 850 2100 Est
866 2080 938 2100 vero
954 2070 1104 2110 ineptum,
1121 2070 1198 2101 adeo
1215 2074 1249 2100 ut
1264 2080 1302 2100 ne
1318 2069 1532 2110 interpolatori
1549 2069 1674 2110 quidem
1691 2069 1787 2100 tribui
1802 2080 1859 2110 par
1874 2070 1925 2110 sit,

376 2125 430 2165 qui
453 2124 553 2156 oratio
576 2124 651 2166 quid
675 2124 832 2156 desideret
855 2125 951 2166 probe
974 2126 1178 2166 perspexerit.
1214 2125 1297 2166 Ergo
1321 2125 1400 2156 nihil
1427 2124 1554 2166 prodest
1579 2124 1811 2166 interpolatoris
1834 2135 1925 2166 opem

375 2181 535 2220 ascivisse,
560 2181 587 2212 si
611 2186 716 2211 tamen
740 2181 807 2211 eius
829 2180 909 2211 ratio
933 2185 1076 2211 constare
1099 2192 1161 2211 non
1182 2187 1285 2222 potest
1308 2181 1369 2212 nisi
1391 2180 1586 2212 emendando
1609 2191 1678 2212 eam
1701 2181 1925 2212 sublevaveris.

374 2237 486 2279 Itaque
505 2237 603 2269 missa
618 2236 722 2268 fallaci
739 2236 946 2268 additamenti
962 2236 1066 2278 specie
1083 2235 1266 2268 Ciceronem
1283 2237 1385 2278 ipsum
1401 2242 1543 2278 putemus
1560 2247 1647 2268 suam
1663 2236 1826 2278 periodum
1841 2241 1925 2268 recte

375 2298 558 2325 exsecutum
574 2304 652 2333 esse,
673 2293 727 2324 sed
745 2293 865 2324 librarii
887 2293 962 2324 vitio
983 2293 1185 2333 depravatum
1203 2294 1332 2324 verbum
1353 2304 1414 2334 quo
1431 2305 1504 2325 usus
1528 2299 1603 2325 erat.
1638 2292 1732 2331 Quod
1753 2304 1790 2324 eo
1810 2294 1925 2325 certius

375 2349 507 2390 videtur,
531 2360 593 2391 quo
614 2349 713 2389 magis
736 2354 866 2391 apparet
887 2348 920 2380 id
942 2348 1026 2390 quod
1048 2360 1132 2380 nunc
1154 2349 1267 2389 legitur
1289 2349 1452 2380 adiuvistia
1474 2360 1535 2380 non
1559 2349 1659 2380 solum
1683 2349 1834 2391 superiori
1857 2360 1925 2380 sen-

376 2407 500 2446 tentiae,
518 2406 670 2448 quidquid
687 2407 730 2437 ibi
747 2407 897 2448 scriptum
909 2406 1010 2447 fuerit,
1028 2417 1090 2437 non
1107 2406 1343 2446 accommodari,
1362 2406 1417 2438 sed
1430 2418 1468 2438 ne
1484 2406 1622 2438 inferiori
1635 2406 1772 2448 quidem,
1785 2417 1866 2447 quae
1877 2410 1927 2437 est
