2182 2740
978 133 1018 165 13

226 218 403 261 explicandi
422 223 476 250 aut
491 218 693 250 confirmandi
711 229 805 250 causa
824 219 955 250 adiecta.
985 218 1118 260 Utrique
1136 219 1214 260 parti
1235 218 1345 250 credas
1367 219 1521 258 satisfieri,
1546 229 1584 249 ex
1607 219 1769 249 adiunistie

227 276 255 307 si
274 280 472 316 recuperetur
491 275 656 306 adtulim'e.

484 330 596 368 (voluit
608 330 675 369 ille)
698 331 731 361 vi
743 336 855 362 terrere
872 332 1023 372 patriam:
1045 342 1098 362 vos
1118 331 1325 368 adtulisti83
1348 331 1424 372 quid
1439 337 1482 362 eet
1496 330 1581 362 vobio
1596 329 1769 361 consulibus

481 392 599 428 yeotum
619 387 685 418 εἰπε
706 387 822 418 armis?

226 441 281 473 Sic
303 452 397 484 saepe
420 442 542 473 locutus
565 448 614 474 est
636 441 756 482 Cicero,
783 443 867 474 velut
889 443 928 474 de
951 432 1044 483 legib.
1061 444 1091 483 2,
1107 445 1137 483 4,
1159 444 1198 475 10
1218 445 1281 475 vim
1303 444 1467 474 Lucretiae
1488 442 1607 479 adnue,-
1629 452 1685 483 pro
1708 441 1769 472 Ra·

228 498 307 530 birio
330 497 478 530 Postumo
500 498 530 539 8,
548 498 591 530 22
613 504 642 530 et
663 499 786 540 quidem
807 499 840 530 in
863 500 1001 530 custodia
1024 500 1115 530 etiam
1128 499 1199 540 fuit
1218 501 1305 541 reqia
1327 505 1355 531 et
1376 500 1456 531 vitae
1478 500 1543 531 eius
1564 496 1650 539 [uis]
1672 498 1770 530 allata

225 565 323 596 paene
338 560 397 592 ραις
412 565 467 595 pro
479 553 587 586 Seaur.
600 555 630 594 6,
646 555 686 586 10
700 560 734 586 ut
749 555 800 586 illi
812 565 875 586 non
885 555 938 586 ille
949 556 1071 596 quidem
1082 557 1144 586 vim
1154 555 1298 595 adferret.
1323 554 1394 593 Quo
1407 556 1542 596 reposito
1555 556 1650 586 verbo
1662 555 1767 586 statim

227 610 396 651 percipitur
411 620 503 651 quam
521 610 662 651 apposite
677 610 764 641 illam
780 610 966 641 sententiam
990 620 1044 641 voe
1059 609 1151 648 (vim)
1166 611 1320 641 adtulietie
1340 611 1475 651 excipiat
1489 610 1588 641 altera
1609 610 1689 641 nihil
1701 611 1769 641 istie

227 666 400 698 consulibua
420 673 537 708 qeetum
559 667 625 697 cine
645 667 742 697 armis
764 665 795 697 h.
812 677 838 697 e.
856 667 922 697 sine
939 667 987 704 νὴ·
1010 666 1103 698 simul
1125 671 1256 708 apparet
1277 677 1317 697 ex
1340 666 1398 697 hac
1420 666 1560 697 oratione
1589 667 1649 697 isto
1676 665 1768 697 modo

227 722 371 753 restituta
385 722 503 763 aliquid
519 721 666 763 praesidii
689 721 863 753 redundare
885 721 925 753 ad
941 721 1162 753 stabiliendam
1178 722 1290 763 prioris
1306 722 1479 753 sententiae
1493 721 1625 753 formam
1647 721 1696 759 (vi
1712 728 1768 752 ter·

226 789 294 809 rere
306 778 474 819 patriam),·
490 778 623 819 denique
639 777 782 819 quamvis
794 777 926 819 quilibet
940 778 1086 809 librarius
1102 778 1142 809 ab
1157 778 1220 809 ista
1235 778 1389 819 scriptura
1403 777 1565 817 adtulietia,
1582 788 1661 819 quae
1676 788 1769 819 saepe

227 833 371 873 occurrit,
394 833 428 863 in
451 844 521 863 eum
545 844 679 864 errorem
702 833 815 864 adduci
838 833 982 874 potuerit,
1012 838 1046 864 ut
1067 834 1229 864 adiuvistis
1252 834 1313 864 sibi
1341 833 1443 873 legere
1472 833 1637 872 videretur,
1666 839 1767 864 tamen

228 889 356 928 accedit,
381 899 442 930 quo
458 888 537 919 nibil
557 888 713 920 efficacius
729 899 798 920 esse
821 889 902 921 solet
923 889 955 920 in
971 889 1168 920 librariorum
1184 889 1330 931 peccatis,
1356 889 1386 920 in
1403 889 1526 929 vicinia,
1552 889 1646 920 immo
1661 888 1769 920 eodem

227 956 325 986 paene
348 956 439 976 versu
463 945 591 976 verbum
613 945 696 976 idem
711 944 933 984 (adnaverant)
956 945 1016 986 legi

383 1056 443 1088 His
467 1057 567 1088 tribus
589 1057 667 1088 loeis
690 1067 767 1098 quos
788 1056 890 1088 adhuc
914 1056 1156 1098 disceptavimus
1178 1056 1211 1087 id
1233 1067 1356 1097 quoque
1372 1056 1560 1097 patefactum
1583 1061 1632 1087 est
1654 1061 1688 1087 ut
1706 1056 1771 1097 opi-

228 1123 340 1143 namur
368 1112 465 1143 multo
493 1112 694 1153 procliviores
721 1123 790 1143 esse
820 1112 945 1143 criticos
968 1112 1007 1143 ad
1035 1112 1236 1153 cupiditatem
1263 1111 1432 1144 inducendi
1458 1112 1565 1152 spuria
1590 1121 1671 1152 quae
1694 1111 1771 1152 ipsis

229 1167 374 1199 videntur
397 1178 490 1209 quam
513 1167 700 1199 emendandi
724 1168 751 1199 si
774 1179 836 1209 qua
858 1172 932 1199 sunt
954 1167 1132 1209 depravata.
1166 1166 1256 1207 Quae
1278 1167 1434 1209 cupiditas
1461 1167 1561 1198 iustae
1583 1167 1656 1198 crisi
1679 1177 1772 1208 saepe

229 1224 382 1256 damnosa
403 1224 466 1256 late
488 1224 586 1266 serpit
607 1234 662 1265 per
685 1235 793 1255 omnes
808 1222 972 1255 Ciceronis
993 1224 1091 1255 libros
1111 1223 1340 1265 multorumque
1362 1223 1500 1254 locorum
1523 1223 1695 1264 integritati
1718 1223 1772 1254 ob-

228 1281 296 1312 fuit.
320 1279 414 1320 Quod
429 1292 469 1312 ne
484 1281 595 1312 leviter
609 1281 722 1312 iecisse
738 1280 907 1320 videamur,
922 1291 1021 1321 pauca
1036 1280 1128 1311 etiam
1146 1280 1289 1321 exempla
1302 1279 1513 1321 superioribus
1528 1279 1592 1311 illis
1607 1279 1772 1311 adiicimus

229 1337 366 1368 breviter
380 1342 412 1367 et
427 1336 664 1377 argumentandi
687 1337 819 1377 ambage
842 1336 968 1376 omissa,
993 1336 1046 1367 sed
1067 1336 1113 1367 ita
1129 1341 1162 1367 ut
1177 1336 1270 1367 simul
1286 1336 1472 1377 aperiamus,
1496 1335 1591 1366 nimis
1607 1345 1700 1377 saepe
1715 1335 1772 1366 cri-

229 1393 308 1423 ticos
323 1392 356 1423 in
372 1392 431 1423 hoc
447 1402 559 1432 genere
576 1391 689 1423 subitis
704 1392 904 1432 opinionibus
927 1391 1053 1423 fortuita
1074 1391 1245 1422 offensione
1261 1392 1344 1422 natis
1363 1391 1435 1422 duci
1454 1391 1541 1422 nulla
1555 1391 1772 1423 observatione

230 1458 304 1479 usus
327 1447 478 1486 adhibita,
502 1458 580 1488 quae
596 1458 701 1478 tamen
717 1447 785 1478 sola
799 1452 904 1488 potest
917 1447 1066 1478 iudicium
1091 1447 1245 1478 stabilire:
1270 1458 1342 1478 nam
1358 1447 1434 1488 quid
1449 1448 1564 1478 oratori
1586 1448 1685 1478 veteri
1699 1458 1773 1478 eon-

229 1514 351 1536 cessum
366 1503 460 1534 fuerit
479 1508 533 1534 aut
550 1503 578 1533 is
600 1502 660 1533 sibi
681 1503 748 1544 ipse
767 1503 943 1543 permiserit
963 1503 994 1533 in
1018 1502 1191 1542 scribendo,
1216 1514 1279 1534 non
1299 1507 1405 1534 nostro
1429 1514 1523 1534 sensu
1545 1507 1600 1534 aut
1621 1503 1773 1534 arbitratu

230 1559 359 1590 definire
375 1559 448 1589 licet
463 1557 517 1589 sed
534 1557 716 1598 singillatim
733 1558 895 1599 explorata
910 1558 1056 1589 universa
1078 1558 1145 1590 eius
1161 1558 1284 1589 dicendi
1305 1558 1523 1600 scribendique
1539 1558 1772 1590 consuetudine.

228 1615 381 1656 Vulgaria
403 1625 574 1654 narramus,
598 1614 653 1645 sed
669 1625 706 1645 ea
721 1614 921 1655 quantumvis
944 1614 1008 1645 sint
1030 1614 1179 1654 vulgaria,
1204 1624 1297 1655 saepe
1317 1625 1336 1645 a
1351 1613 1540 1645 doctissimis
1560 1614 1773 1654 negliguntur;

230 1676 261 1703 et
276 1682 333 1703 nos
348 1670 514 1702 iuvenibus
530 1669 705 1710 scribimus,
730 1670 844 1711 quibus
867 1670 949 1701 viam
972 1669 1186 1711 rationemque
1209 1669 1301 1701 huius
1324 1670 1400 1701 artis
1423 1675 1596 1702 monstrare
1619 1670 1772 1712 cupimus.

385 1727 422 1758 In
446 1726 627 1766 Planciana,
651 1731 685 1757 ut
707 1727 746 1758 ab
769 1737 807 1757 ea
829 1737 935 1758 rursus
958 1726 1157 1768 incipiamus,
1181 1737 1207 1758 e.
1225 1726 1275 1766 25,
1295 1726 1335 1758 61
1361 1726 1439 1758 haec
1460 1726 1605 1767 leguntur

484 1782 609 1824 profero
628 1782 798 1824 triumphos
822 1781 857 1813 T.
874 1782 957 1814 Didi
974 1788 1002 1814 et
1020 1781 1053 1814 C.
1069 1782 1157 1814 Man·
1175 1788 1204 1814 et
1222 1784 1345 1824 quaer-ie
1364 1783 1442 1824 quid
1458 1783 1557 1814 cintile
1574 1784 1609 1814 in
1626 1782 1774 1814 Plancio-²

488 1840 581 1880 quasi
604 1849 674 1869 vero
693 1840 748 1869 iata·
768 1849 843 1879 quoe
870 1849 1085 1870 commemoras
1108 1845 1274 1880 propterea
1304 1840 1502 1880 nmqietratus
1530 1840 1664 1881 ceperint
1691 1840 1774 1880 quod

488 1894 718 1936 triumpharant
738 1900 766 1926 et
784 1905 848 1926 non
867 1895 1088 1936 triumpharint
1106 1896 1181 1937 quia
1200 1896 1355 1926 commioei
1372 1901 1442 1926 eunt
1460 1896 1501 1926 iis
1522 1896 1718 1936 magistratus
1739 1895 1773 1925 in

489 1952 600 1993 quibua
613 1963 647 1983 re
661 1952 734 1983 bene
746 1958 833 1993 qesta
848 1952 1080 1994 triumpharent.
1103 1963 1196 1994 roqao
1212 1963 1291 1994 quae
1305 1959 1407 1983 castra
1421 1953 1546 1983 eidem‘t:
1569 1953 1625 1993 qui
1642 1957 1670 1982 ee
1687 1951 1772 1982 miles

428 2009 445 2036 5
489 2009 523 2039 in
538 2007 627 2039 Creta
646 2008 702 2040 hoe
716 2009 901 2050 imperatore
915 2015 942 2040 et
957 2009 1096 2040 tribunus
1110 2010 1144 2040 in
1159 2009 1343 2040 Macedonia
1360 2009 1409 2039 mi
1413 2009 1517 2040 litum
1521 2008 1625 2049 fuer-it
1639 2013 1667 2038 et
1680 2018 1773 2049 quae-

488 2069 553 2095 ntor
563 2070 681 2096 tantum
695 2075 733 2096 ιω
745 2075 780 2096 re
790 2066 922 2096 militari
934 2066 1101 2096 detraxerit
1114 2066 1259 2106 temporie
1274 2070 1422 2106 quantum
1436 2066 1470 2095 in
1484 2075 1530 2095 me
1545 2064 1773 2095 custodiendum

488 2119 657 2160 transferre
677 2120 826 2151 maluerit.

232 2175 320 2206 Nihil
346 2175 478 2207 dicimus
505 2175 544 2206 de
577 2175 788 2216 superioribus
815 2175 886 2206 istis
917 2173 960 2215 (v.
983 2173 1016 2214 3)
1043 2175 1128 2206 varie
1159 2175 1316 2214 tractatis,
1345 2186 1425 2216 quae
1453 2175 1498 2206 sic
1529 2174 1711 2215 scripsimus
1739 2178 1773 2204 ut

232 2230 397 2263 scribenda
411 2241 480 2263 esse
496 2230 650 2271 duximus,
667 2230 776 2262 addita
791 2241 847 2262 suo
862 2230 930 2262 loco
947 2241 1022 2262 voce
1037 2230 1265 2272 triumpharint.
1289 2230 1326 2261 In
1343 2230 1565 2272 posterioribus
1580 2227 1628 2270 (5)
1642 2229 1774 2261 militum

231 2287 401 2319 Muellerus
424 2287 545 2319 notavit
571 2292 603 2318 ut
625 2286 835 2326 subffiticium,
859 2291 984 2318 auctore
1009 2284 1138 2325 Cobeto,
1167 2286 1218 2327 qui
1239 2286 1390 2317 Mnemos.
1413 2298 1442 2318 a.
1461 2286 1543 2318 1862
1566 2297 1596 2327 p.
1613 2285 1676 2317 326
1697 2284 1773 2317 ‘em-

233 2341 349 2391 blema’
373 2343 476 2385 inquit
497 2342 584 2375 ‘sede
609 2343 712 2374 minus
735 2342 848 2374 idonea
877 2342 1030 2383 arguitur:
1058 2352 1097 2373 ne
1121 2341 1238 2373 tirones
1265 2341 1391 2383 quidem
1418 2341 1532 2383 quibus
1560 2341 1655 2373 verba
1676 2341 1775 2372 latina

232 2400 343 2441 quovis
370 2400 463 2432 modo
486 2400 610 2441 disponi
633 2405 665 2431 et
687 2399 789 2432 disiici
812 2410 904 2441 posse
920 2398 1077 2439 videntur,
1102 2399 1147 2430 ita
1169 2399 1359 2440 scripserint.
1383 2398 1497 2431 Latina
1520 2399 1704 2441 compositio
1726 2404 1775 2430 est

1533 2457 1569 2483 2.
