2182 2740
1146 136 1167 169 8

377 225 557 265 praecipere
583 234 662 264 qnae
688 223 741 254 ille
767 224 832 254 cuia
850 223 931 263 filiis
951 222 1173 264 “viqilandum
1199 228 1243 254 eet
1263 233 1395 264 oemper:
1418 222 1531 253 multae
1557 223 1693 253 invidiae
1715 228 1786 253 eunt
1807 220 1930 254 bonio.‘'

378 281 474 312 noetio
498 286 604 312 cetera.
640 290 741 311 nonne
762 280 833 311 illa
860 281 917 321 qui
941 280 1067 321 ecripeit
1091 280 1268 322 inqem‘oeue
1293 285 1384 321 poeta
1409 280 1534 320 eor-’psit
1559 285 1594 311 ut
1614 284 1734 311 nostros
1756 279 1868 311 uberae
1889 280 1932 311 ad

379 336 500 366 laudem
522 333 691 374 excitaret',
715 335 748 365 id
773 339 806 365 ut
828 339 912 366 recte
936 335 1090 365 iudicetur
1111 346 1190 366 neve
1206 335 1371 366 dubitandi
1394 335 1554 366 materiam
1578 335 1688 375 pariat,
1712 334 1932 376 perspicienda

378 396 452 423 sunt
474 402 554 432 quae
577 402 616 422 ex
639 390 747 422 eadem
772 390 932 431 tragoedia
954 395 1101 432 excerpta
1123 390 1219 423 habet
1240 391 1339 423 oratio
1362 390 1520 423 Sestiana:
1544 391 1577 422 in
1600 401 1663 432 qua
1682 389 1794 422 Cicero
1810 396 1931 432 postea-

379 458 473 488 quam
495 447 581 478 viros
605 446 758 487 quosdam
781 447 923 487 egregios
947 452 978 477 et
1001 447 1039 478 de
1062 447 1164 488 patria
1185 447 1352 487 insigniter
1373 445 1501 478 meritos
1525 446 1718 486 memoravit,
1743 457 1769 478 c.
1790 446 1842 485 48,
1868 447 1930 478 102

381 503 462 534 bunc
477 502 579 534 locum
596 502 721 534 induxit
736 503 934 543 gravissime:
958 503 1031 534 haec
1049 504 1217 534 imitamini
1236 504 1292 544 qui
1305 503 1494 544 diynitatem,
1512 503 1568 544 qui
1582 502 1712 541 laudem,
1730 504 1786 544 qm·
1796 503 1936 544 qloriam,

379 560 543 600 quaeritie:
566 559 640 590 haec
662 559 769 600 ampla
788 565 868 597 eunt,
888 559 962 590 haee
976 560 1095 599 divina,
1111 559 1185 590 haec
1198 559 1387 590 immortalia
1392 570 1403 596 ,·
1418 559 1592 599 haecfama
1608 558 1808 598 celebrantur,
1824 569 1931 590 monu-

378 616 486 646 mentis
498 615 661 646 annalium
671 615 868 654 mandantur,
880 616 1055 656 posteritati
1063 620 1288 656 propaqantur.
1305 614 1363 646 Est
1375 614 1470 654 labor,
1480 625 1544 646 non
1554 625 1642 656 ne90,·
1656 614 1794 656 pericula
1805 625 1929 657 magna,

370 672 495 712 fateor‚·
512 670 674 702 “multae
696 672 859 702 incidiae
881 677 964 702 eunt
986 669 1123 710 bonie'‘,
1140 671 1295 702 verissime
1310 671 1425 701 dictum
1440 676 1498 708 eet,·
1520 672 1574 702 sed
1587 676 1615 702 te
1632 670 1695 702 “id
1717 671 1814 712 quod
1827 671 1934 702 multi

378 728 576 758 invideant
598 728 746 768 multique
761 732 903 768 expetant
923 727 1047 757 inscitia
1067 724 1143 766 θεῖ’,
1164 727 1274 767 inquit,
1291 725 1471 767 “postulare
1489 727 1553 757 niei
1571 726 1705 757 laborm
1725 737 1845 757 summa
1863 737 1932 757 cum

380 795 456 815 cura
478 781 619 825 efferaeff’
651 783 763 815 nollem
784 784 865 814 idem
887 783 950 814 alio
974 783 1039 814 loco
1061 783 1199 822 dia-ient,
1223 783 1306 824 quod
1329 784 1501 824 exciperent
1521 783 1658 825 improbi
1679 784 1765 823 cives,
1789 782 1934 814 “oderint

380 840 454 870 dum
477 836 641 870 metuant.''
675 839 844 880 praeclara
867 840 947 869 enim
969 839 1026 869 illa
1047 844 1212 880 praecepta
1231 839 1356 869 dederat
1374 840 1530 870 iuventuti.
1569 837 1659 877 Quae
1679 839 1730 880 qui
1751 838 1932 879 diligentius

381 895 626 927 consideraverit
645 900 676 926 et
690 905 760 926 cum
776 895 816 926 iis
831 905 910 936 quae
926 895 1070 936 leguntur
1086 895 1117 926 in
1135 894 1307 926 Planciana
1321 894 1525 935 contenderit,
1542 894 1678 936 primum
1693 894 1848 936 intelliget
1863 905 1931 926 ver-

381 963 459 991 sum,
484 952 572 982 cuius
588 962 682 991 supra
705 951 858 991 particula
880 956 937 990 est,
962 951 1133 992 pleniorem
1157 951 1239 982 hunc
1261 951 1358 982 fuisse
1380 951 1572 992 viyilandum
1595 957 1639 981 eet
1660 961 1793 991 semper.-
1820 951 1933 982 multae

379 1007 513 1037 insidiae
539 1012 611 1037 eunt
637 1007 735 1045 honio,
764 1016 865 1047 neque
893 1010 977 1037 recte
1001 1005 1155 1037 Cobetum
1183 1017 1222 1037 ex
1250 1006 1312 1037 illis
1336 1006 1436 1037 tribus
1459 1012 1503 1037 eet
1524 1005 1622 1045 labor,
1645 1006 1786 1047 pericula
1806 1016 1932 1048 moytia,

380 1063 494 1094 multae
516 1063 650 1094 insidiae
672 1073 697 1094 e.
714 1063 741 1094 b.
767 1074 862 1093 unum
885 1062 989 1094 faeere
1012 1074 1137 1094 versum
1161 1062 1310 1102 voluisse3
1339 1062 1451 1094 deinde
1473 1068 1545 1104 post
1567 1074 1637 1094 eum
1660 1074 1785 1094 versum
1808 1061 1931 1094 Cicero-

380 1129 451 1150 nem
475 1119 574 1149 multa
596 1119 641 1149 uti
658 1119 738 1149 solet
760 1118 1017 1159 praetermisisse,
1041 1129 1173 1159 quorum
1195 1124 1297 1150 tamen
1322 1130 1475 1150 memores
1491 1130 1560 1150 esse
1576 1119 1675 1150 voluit
1689 1119 1866 1158 audientes3
1882 1118 1932 1150 de-

380 1175 475 1216 nique
498 1173 576 1205 haec
596 1174 632 1205 id
655 1174 738 1215 quod
760 1174 850 1205 multi
869 1174 1027 1205 invideant
1052 1174 1083 1204 in
1106 1185 1169 1215 qua
1192 1175 1349 1206 sententia
1370 1175 1472 1206 locum
1496 1175 1643 1207 habuisse
1664 1173 1809 1207 Sestiana
1831 1175 1931 1213 docet,

380 1231 413 1262 in
436 1241 474 1261 ea
497 1230 633 1261 maxime
656 1230 753 1261 fuisse
774 1230 940 1271 praeclara
959 1236 1126 1271 praecepta
1150 1241 1228 1271 quae
1250 1235 1343 1272 poeta
1363 1232 1514 1262 iuventuti
1534 1231 1651 1262 dederit
1673 1235 1705 1262 et
1727 1231 1840 1272 quibus
1860 1231 1933 1262 ado-

379 1287 535 1318 lescentes
558 1287 601 1316 ad
621 1286 756 1316 laborem
778 1291 806 1316 et
827 1286 869 1316 ad
884 1286 1005 1316 laudem
1020 1287 1203 1316 eaecitaverit.
1239 1285 1310 1324 Qua
1325 1297 1359 1317 re
1374 1286 1453 1317 nihil
1469 1287 1571 1326 aptius
1587 1286 1707 1317 institui
1723 1287 1824 1327 potuit
1839 1297 1931 1327 quam

381 1341 463 1383 quod
489 1341 579 1372 huius
603 1341 799 1382 potissimum
824 1341 996 1372 sententiae
1020 1341 1172 1382 particula
1195 1342 1227 1372 in
1250 1342 1312 1373 istu.
1334 1342 1578 1383 interrogatione
1601 1342 1717 1373 causali
1741 1353 1834 1383 quam
1855 1342 1933 1374 dixi-

381 1410 450 1431 mus
474 1399 576 1440 posita
598 1403 654 1437 est,
679 1409 742 1439 qua
764 1397 838 1439 quid
863 1398 962 1438 egerit
984 1404 1088 1430 orator
1112 1384 1160 1429 vel
1181 1398 1241 1430 ista
1262 1398 1413 1440 particula
1428 1398 1504 1430 satis
1520 1397 1685 1430 indicatur.
1719 1398 1829 1440 Neque
1851 1399 1933 1441 quod

382 1456 462 1486 scita
489 1454 638 1485 varietate
666 1454 743 1485 duas
770 1454 942 1485 sententias
967 1454 1044 1485 duos
1071 1455 1138 1485 eius
1161 1455 1310 1485 orationis
1340 1455 1476 1494 tragicae
1503 1454 1674 1486 versiculos
1697 1454 1813 1486 habere
1837 1455 1935 1486 voluit

382 1510 548 1543 offensioni
575 1520 644 1542 esse
670 1514 785 1551 potest,
814 1510 840 1541 si
868 1510 939 1551 quis
965 1509 1109 1541 intimum
1136 1521 1242 1541 eorum
1270 1515 1408 1542 tenorem
1436 1510 1491 1552 qui
1515 1510 1610 1542 fuerit
1635 1510 1666 1542 in
1693 1511 1854 1552 tragoedia
1872 1511 1933 1543 sibi

381 1569 486 1599 animo
509 1567 695 1598 informarit.
730 1565 877 1597 Ceterum
901 1567 955 1607 qui
977 1566 1037 1597 hoc
1060 1566 1228 1597 attenderit
1250 1567 1281 1596 in
1306 1566 1426 1597 duabus
1449 1567 1643 1598 orationibus
1660 1567 1698 1597 de
1714 1567 1823 1598 eadem
1839 1578 1935 1598 scena

382 1623 561 1665 tragoediae
574 1622 746 1654 sententias
760 1621 885 1654 easdem
900 1621 991 1653 modo
1004 1622 1126 1664 plenius
1139 1622 1230 1654 modo
1243 1623 1343 1664 magis
1359 1623 1483 1654 concise
1499 1622 1611 1664 afferri,
1629 1623 1682 1665 qui
1699 1634 1766 1655 mos
1783 1629 1831 1655 est
1846 1621 1933 1655 Cice-

381 1681 466 1712 ronis
489 1681 520 1711 in
545 1679 679 1711 citandis
703 1684 864 1720 poetarum
888 1679 1030 1710 versibus
1054 1679 1160 1710 multis
1183 1679 1335 1721 exemplis
1358 1680 1568 1718 confirmatus,
1592 1680 1655 1711 iam
1678 1691 1714 1711 eo
1730 1681 1857 1711 nomine
1873 1681 1935 1712 sibi

382 1736 583 1778 persuadebit
598 1736 629 1766 in
643 1734 815 1766 Planciana
830 1734 909 1766 nihil
925 1746 994 1767 esse
1010 1735 1092 1777 quod
1106 1746 1168 1767 non
1183 1735 1377 1767 verissimam
1390 1734 1552 1768 Ciceronis
1566 1747 1691 1768 manum
1707 1747 1780 1778 prae
1796 1748 1830 1769 se
1845 1736 1933 1768 ferat.

539 1848 682 1878 Alterum
707 1846 884 1888 exemplum
908 1847 1103 1878 emblematis
1128 1847 1221 1888 vulgo
1244 1847 1368 1888 crediti,
1394 1859 1413 1879 a
1435 1848 1527 1880 nobis
1551 1859 1624 1880 vero
1648 1848 1738 1880 valde
1761 1848 1936 1881 addubitati

381 1906 517 1947 petimus
534 1916 573 1935 ex
595 1904 736 1935 oratione
752 1914 807 1944 pro
824 1903 954 1935 Rabirio
969 1903 1132 1943 Postum03
1157 1915 1236 1946 quae
1252 1905 1352 1936 oratio
1369 1904 1512 1936 codicum
1527 1905 1589 1937 fide
1605 1905 1714 1937 nititur
1729 1916 1792 1937 non
1808 1907 1935 1947 optima,

382 1961 438 1993 sed
466 1961 498 1992 in
527 1961 565 1991 iis
592 1971 671 2002 quae
699 1971 757 1991 nos
786 1959 989 2001 disceptaturi
1012 1971 1129 2000 sumus,
1160 1971 1220 1992 non
1245 1966 1309 1992 tam
1333 1961 1372 1992 de
1394 1961 1546 1992 librorum
1569 1962 1758 1993 testimoniis
1781 1972 1874 2003 quam
1898 1962 1936 1993 de

382 2017 556 2048 rationibus
580 2016 757 2047 criticorum
782 2016 936 2056 agendum
961 2020 1019 2047 est.
1050 2014 1131 2048 Sunt
1153 2022 1256 2048 autem
1281 2017 1377 2048 verba
1398 2017 1476 2048 haec
1499 2017 1572 2049 inde
1595 2028 1614 2049 a
1637 2028 1663 2049 c.
1682 2019 1731 2058 15,
1748 2018 1790 2049 42

641 2072 753 2102 multae
776 2072 915 2112 equidem
938 2072 970 2103 C.
987 2072 1128 2103 Caesaris
1149 2074 1276 2104 virtutes
1298 2083 1428 2113 maqmu
1449 2073 1701 2115 incredibileeque
1723 2075 1860 2115 cognovi,
1882 2075 1938 2105 ced

642 2132 713 2157 eunt
728 2133 843 2158 ceterae
857 2127 1027 2158 maioribus
1042 2129 1135 2169 quasi
1147 2128 1272 2159 theatris
1285 2129 1464 2170 propositae
1478 2135 1506 2160 et
1517 2139 1617 2170 paene
1628 2130 1812 2171 populares.-
1827 2131 1937 2161 caetris

642 2184 742 2215 locum
766 2193 885 2225 capere,
914 2184 1078 2215 exereitum
1099 2185 1257 2224 inem-uere,
1282 2195 1460 2226 expuqnare
1480 2185 1569 2217 arbee
1591 2209 1600 2217 .
1613 2209 1621 2217 .
1635 2208 1643 2217 .
1663 2191 1734 2217 eunt
1756 2197 1792 2217 ea
1814 2187 1937 2228 quidem

642 2251 766 2281 mayna,
782 2241 836 2271 ned
846 2241 967 2281 maqnie
978 2241 1110 2271 excitata
1120 2246 1192 2271 eunt
1203 2242 1352 2282 praemiis
1363 2252 1401 2272 ac
1414 2242 1561 2272 memoria
1571 2241 1728 2273 hominum
1738 2243 1936 2284 eempiterna:

583 2298 600 2325 5
644 2307 705 2338 quo
726 2298 829 2328 minue
851 2297 1072 2328 admirandum
1094 2302 1138 2328 eet
1151 2307 1220 2328 eum
1231 2297 1343 2338 facere
1356 2297 1412 2329 illa
1436 2299 1493 2340 qui
1512 2298 1771 2330 immortalitatem
1792 2299 1936 2340 concupi·

641 2354 726 2385 verit.
761 2353 835 2384 haec
856 2354 950 2384 mira
970 2354 1038 2385 laus
1061 2359 1105 2385 eet
1126 2364 1205 2395 quae
1226 2365 1289 2385 non
1307 2360 1471 2395 poetarum
1484 2354 1682 2394 carminibue,
1698 2366 1759 2386 non
1774 2355 1936 2386 annalium

642 2411 844 2440 monumentis
860 2409 1028 2440 celebratur
1049 2411 1103 2441 sed
1121 2411 1321 2451 prudentium
1336 2411 1453 2441 iudicio
1470 2411 1666 2452 expenditur.-
1679 2413 1808 2452 equitem
1820 2411 1934 2442 Roma·
