2182 2740
1134 161 1155 192 4

526 246 636 287 Itaque
661 257 727 287 uos,
751 247 805 288 qui
827 258 890 277 nou
914 247 973 277 hoc
995 247 1086 278 nobis
1106 247 1257 278 sumimus
1274 253 1307 277 ut
1323 246 1461 278 eruditos
1477 247 1602 278 criticos
1619 246 1793 286 doceamus,
1812 257 1917 277 verum

370 301 402 333 id
425 302 525 333 solum
554 308 710 333 sectamur
738 307 771 334 ut
796 303 963 334 iuvenibus
991 303 1045 344 qui
1073 302 1150 334 haec
1172 303 1276 335 studia
1303 307 1471 345 capessunt
1497 302 1580 334 viam
1603 302 1630 334 si
1653 302 1810 345 possimus
1832 313 1919 334 mon·

370 363 504 389 stremus
527 368 589 398 qua
613 358 664 388 via
686 364 770 389 recte
794 364 825 389 et
847 369 917 389 cum
940 359 1041 389 fructu
1065 359 1250 399 scriptorum
1273 364 1412 390 veterum
1435 358 1533 390 libros
1555 363 1689 389 tractare
1709 358 1840 398 discant,
1865 369 1918 390 eos

371 413 402 444 in
427 413 486 445 hac
509 419 598 455 parte
622 424 714 455 quam
739 424 822 445 nunc
845 413 1056 455 disceptamus
1079 425 1206 446 monere
1229 415 1456 456 consuevimus,
1481 414 1615 456 primum
1638 418 1672 446 ut
1692 413 1818 446 omissis
1839 424 1918 456 quae

369 471 471 501 omitti
499 471 599 501 critici
628 471 738 501 iubent
763 470 838 511 quid
867 471 1086 501 nanciscamur
1112 476 1166 501 aut
1187 471 1263 512 quid
1286 471 1364 502 lucri
1386 471 1532 511 afferatur
1554 471 1698 512 scriptori
1721 475 1865 501 accurate
1887 475 1919 501 et

369 525 478 557 subtili
498 525 613 556 iudicio
635 525 839 568 perpendant,
862 531 1007 557 caventes
1027 537 1067 557 ne
1088 527 1236 558 uncinata
1251 527 1390 558 oratione
1407 526 1601 569 decipiantur
1616 531 1650 557 ut
1664 525 1774 557 adesse
1789 525 1919 557 credant

369 594 449 624 quae
472 583 602 614 absunt:
626 594 687 624 quo
710 583 792 614 facto
815 594 907 624 saepe
931 583 1066 624 intelligi
1088 584 1212 615 criticos
1236 595 1298 615 non
1322 588 1482 616 assecutos
1505 574 1575 615 esse
1597 582 1680 625 quod
1699 582 1863 623 voluerint,
1886 589 1919 613 ut

368 638 562 680 probabilem
590 638 720 669 formam
749 645 780 669 et
802 649 881 680 quae
909 639 1070 680 scriptoris
1095 639 1250 680 elegantia
1276 644 1330 670 aut
1352 639 1557 681 amplitudine
1580 639 1675 680 digna
1697 643 1780 670 esset
1802 638 1918 670 rescin-

369 695 472 727 dendo
494 696 698 736 refingerent5
725 695 863 728 secundo
886 701 990 728 autem
1012 695 1091 736 loco,
1117 702 1150 727 ut
1172 707 1211 728 ne
1235 707 1381 738 umquam
1404 697 1561 738 inquirere
1583 695 1815 738 supersedeant,
1839 706 1918 737 quae

368 751 448 782 falso
471 751 579 782 addita
602 762 670 782 esse
694 752 829 782 editores
853 751 1020 791 affirmant,
1045 763 1082 782 ea
1105 763 1167 792 qua
1189 752 1227 782 de
1248 762 1342 782 causa
1361 757 1415 783 aut
1435 763 1496 793 quo
1511 752 1642 783 consilio
1658 751 1743 782 ducti
1758 750 1918 782 addidisse

370 806 535 838 videantur
557 807 609 849 qui
633 806 833 839 addiderunt:
858 807 912 849 qui
935 807 993 839 hoc
1016 808 1162 839 omittant
1184 818 1341 849 quaerere,
1366 812 1400 839 ut
1422 818 1531 840 caecos
1554 802 1702 840 vacillare
1721 807 1752 839 in
1769 806 1917 846 tenebris,

369 874 440 894 cum
466 863 610 894 reiiciaut
633 874 712 904 quae
735 874 769 894 se
792 864 894 894 sciant
917 863 999 894 unde
1022 869 1097 895 nata
1119 865 1183 895 siut
1205 865 1339 903 nescire3
1364 875 1425 895 non
1447 864 1619 896 audiendos
1639 875 1708 896 esse
1728 875 1767 895 ne
1783 874 1837 895 eos
1852 864 1918 904 qui—

370 918 440 949 dem
464 918 517 959 qui
542 923 575 948 ut
597 918 829 960 interpolatoris
853 919 900 950 sui
924 919 1060 950 rationes
1083 919 1225 960 aperiant
1246 907 1444 950 incredibilia
1465 920 1587 960 fingant
1609 924 1641 950 et
1662 930 1741 961 quae
1764 929 1917 960 nusquam

367 975 509 1016 gentium
536 975 604 1006 fieri
634 975 835 1007 manifestum
858 976 908 1015 sit,
937 987 974 1007 ea
996 976 1088 1008 nobis
1111 976 1194 1007 facta
1217 987 1286 1008 esse
1309 976 1495 1018 persuadere
1519 976 1625 1008 velint.
1660 975 1800 1008 Tertium
1823 976 1916 1007 etiam

368 1031 499 1062 suadere
523 1031 686 1072 discipulis
709 1031 825 1062 nostris
849 1031 994 1071 solemus,
1019 1032 1051 1062 in
1075 1031 1285 1073 discrepantia
1307 1032 1443 1072 testium,
1468 1043 1598 1073 quorum
1620 1031 1744 1073 quidem
1765 1031 1843 1063 fides
1859 1036 1915 1071 est,

353 1099 439 1118 ·cum
466 1088 499 1118 iu
526 1087 625 1118 altera
651 1094 740 1129 parte
768 1092 893 1118 exstant
919 1098 998 1129 quae
1026 1087 1243 1119 desiderantur
1265 1088 1297 1119 in
1322 1088 1432 1129 altera,
1461 1099 1499 1119 ne
1522 1099 1592 1119 cum
1619 1088 1713 1129 vulgo
1740 1088 1916 1120 criticorum

368 1155 574 1186 praepropere
591 1145 802 1185 suspicionem
817 1144 889 1175 falsi
912 1145 1064 1185 arripiant
1084 1145 1139 1175 sed
1157 1150 1275 1175 attento
1291 1145 1434 1176 examine
1451 1145 1627 1176 discernere
1643 1139 1798 1184 studeant,
1815 1149 1916 1175 utrum

368 1200 512 1232 addendo
535 1205 697 1242 peccatum
721 1200 764 1231 sit
785 1211 824 1231 an
849 1200 1031 1240 omittendo,
1056 1200 1306 1242 quandoquidem
1331 1201 1512 1232 utrumlibet
1532 1201 1601 1232 fieri
1623 1201 1732 1242 potuit.

525 1255 587 1288 Sed
610 1256 768 1297 pergimus
792 1256 831 1287 ad
855 1256 999 1297 exempla
1021 1267 1100 1298 quae
1124 1268 1206 1287 nunc
1230 1267 1329 1298 pauca
1350 1257 1509 1288 afferimus
1532 1268 1571 1288 ex
1587 1257 1780 1288 orationibus
1796 1256 1916 1288 hausta.

366 1311 404 1342 In
428 1311 568 1342 oratione
592 1321 647 1353 pro
663 1310 794 1342 Plancio
811 1310 922 1343 Cicero
937 1311 974 1342 L.
992 1310 1103 1343 Cassio
1119 1311 1299 1343 Laterensis
1322 1317 1462 1354 patrono,
1484 1312 1538 1354 qui
1553 1312 1612 1344 hoc
1628 1313 1693 1354 agit
1707 1313 1740 1353 (a
1755 1322 1781 1343 c.
1794 1312 1845 1352 24,
1862 1309 1918 1352 58)

368 1373 402 1399 ut
423 1368 628 1400 Laterensem
652 1368 826 1400 nobilitatis
849 1379 945 1400 causa
967 1368 1097 1400 Plancio
1121 1368 1294 1410 digniorem
1317 1369 1476 1401 aedilitate
1499 1369 1595 1401 fuisse
1619 1369 1807 1411 comprobet,
1832 1369 1919 1400 varia

367 1425 400 1454 in
423 1425 507 1455 hunc
531 1436 621 1455 usum
644 1425 851 1465 interroganti
873 1425 1020 1466 deinceps
1043 1426 1221 1466 respondet.

628 1479 785 1520 Quaesisti
804 1487 908 1512 utrum
929 1481 1007 1513 mihi
1025 1487 1168 1524 putarem
1189 1483 1299 1524 equitio
1323 1482 1460 1514 Romani
1471 1482 1542 1522 filio
1561 1481 1737 1521 faciliorem
1750 1481 1855 1522 fuisse
1877 1481 1919 1512 ad

626 1538 842 1579 adipiscendos
857 1538 985 1570 honore-⁹
1000 1540 1083 1569 viam
1094 1539 1288 1579 anfuturam
1303 1540 1442 1579 eceefilio
1456 1550 1522 1570 meo
1534 1540 1609 1580 quia
1624 1544 1698 1569 esaei
1702 1538 1835 1578 familia
1850 1549 1918 1569 con-

627 1594 736 1626 sulari.
772 1594 841 1635 qu
861 1605 932 1626 vero
953 1605 1140 1636 quamquam
1158 1594 1209 1626 illi
1227 1596 1330 1626 omnia
1348 1595 1430 1626 malo
1446 1605 1539 1637 quam
1554 1594 1638 1632 milti,
1655 1600 1754 1625 tamen
1769 1594 1918 1625 honorum

627 1651 731 1681 aditus
756 1661 926 1692 numquam
952 1651 1003 1682 illi
1014 1651 1180 1691 faciliores
1203 1653 1310 1693 optavi
1331 1662 1424 1693 quam
1445 1651 1523 1683 milti
1534 1651 1676 1692 fuerunt.
1712 1649 1795 1690 Quin
1817 1652 1918 1691 etiam,

566 1707 583 1732 5
626 1716 665 1737 ne
677 1706 768 1746 forte
788 1706 842 1736 ille
864 1706 926 1736 eibi
945 1717 992 1737 me
1013 1708 1117 1748 potine
1129 1708 1286 1748 peperisse
1300 1708 1363 1738 iam
1379 1707 1505 1738 honores
1521 1718 1614 1749 quam
1627 1708 1686 1738 iter
1700 1707 1920 1737 demonstrasse

626 1762 897 1804 adipiecendorum
918 1768 1011 1804 putet,
1033 1762 1108 1794 haec
1125 1762 1177 1794 illi
1193 1762 1273 1794 soleo
1288 1763 1467 1805 praecipere
1482 1762 1685 1806 (quamquam
1699 1764 1743 1795 ad
1754 1769 1919 1806 praecepta

626 1824 710 1850 aetas
732 1829 794 1849 non
818 1825 859 1849 eet
879 1818 1002 1859 gravis)
1026 1829 1105 1860 quae
1126 1819 1179 1850 ille
1201 1831 1221 1849 a
1245 1819 1316 1850 Iove
1338 1826 1421 1851 ortus
1443 1821 1508 1851 nuic
1528 1822 1683 1862 praecipit
1694 1821 1776 1860 filiis

728 1874 922 1916 viqilandum
945 1880 989 1906 eet
1009 1885 1142 1917 semper:
1166 1875 1279 1906 multae
1299 1875 1434 1907 incidiae
1455 1881 1527 1908 eunt
1547 1875 1644 1908 bonis.

626 1932 722 1961 noetio
745 1937 851 1962 cetera.
886 1931 1006 1963 norme?

549 1988 583 2014 10
831 1988 868 2018 id
889 1987 973 2028 quod
994 1987 1085 2018 multi
1103 1988 1276 2019 invideant.-

627 2052 706 2083 quae
721 2043 847 2084 scripsit
858 2044 966 2084 gravis
981 2049 1009 2074 et
1022 2044 1199 2084 inqenioeno
1209 2050 1316 2085 poeta,
1331 2045 1457 2085 scr-ipsit
1470 2054 1532 2075 non
1546 2050 1581 2075 ut
1594 2044 1665 2075 illoc
1679 2046 1780 2086 reyioe
1792 2055 1918 2086 pueros,

627 2099 684 2138 qui
703 2098 768 2129 iam
789 2109 941 2140 nusquam
963 2105 1060 2137 erant,
1083 2100 1138 2130 sed
1159 2105 1193 2131 ut
1214 2110 1270 2131 noa
1293 2105 1321 2131 et
1342 2106 1461 2131 nostroe
1485 2099 1595 2132 liberos
1617 2100 1661 2131 ad
1682 2100 1816 2132 laborem
1834 2106 1863 2132 et
1876 2100 1920 2132 ad

627 2153 749 2184 laudem
770 2155 922 2185 excitaret.

366 2209 521 2241 Universe
544 2209 622 2240 haec
644 2210 689 2240 ita
711 2220 752 2241 ex
776 2210 866 2241 bonis
889 2209 1060 2250 codicibus,
1083 2221 1214 2252 quorum
1238 2211 1299 2242 duo
1322 2222 1396 2253 prae
1417 2212 1528 2256 ceteris
1552 2211 1748 2253 adhibentur,
1773 2217 1873 2245 tracta
1887 2217 1918 2244 et

365 2277 385 2297 a
404 2265 532 2297 Baitero
557 2265 587 2296 in
613 2265 778 2297 Turicensi
801 2266 899 2297 altera
921 2277 948 2297 a.
975 2266 1058 2298 1856
1081 2266 1166 2299 edita
1188 2271 1270 2298 sunt.
1303 2266 1393 2298 Nam
1408 2266 1486 2298 illud
1511 2267 1578 2298 leve
1601 2272 1657 2307 est,
1682 2268 1765 2310 quod
1788 2269 1863 2310 quia
1884 2269 1917 2300 in

365 2322 435 2353 istis
456 2321 617 2353 codicibus
634 2321 678 2360 (v.
692 2321 724 2360 7)
740 2332 795 2363 pro
812 2332 891 2364 quae
907 2328 1067 2354 exaratum
1087 2327 1136 2355 est
1151 2333 1256 2365 quare,
1280 2322 1354 2354 inde
1370 2334 1449 2365 quae
1463 2334 1518 2355 rea:
1537 2323 1735 2356 efficiendum
1755 2329 1916 2367 putarunt3

366 2377 447 2420 quod
461 2389 480 2408 a
491 2377 617 2408 Klotzio
634 2378 733 2419 primo
750 2378 944 2419 propositum
961 2378 1053 2409 hodie
1068 2379 1224 2418 recipiunt
1239 2390 1356 2417 omnes,
1377 2389 1575 2420 quamquam,
1593 2384 1627 2410 ut
1641 2380 1700 2411 hoc
1712 2380 1918 2422 vituperabile

366 2444 427 2464 non
452 2434 502 2472 sit,
527 2433 581 2475 qui
606 2433 707 2464 minus
725 2432 837 2465 Cicero
857 2434 1019 2475 scripserit
1035 2444 1114 2475 quae
1131 2435 1184 2465 ille
1203 2446 1222 2465 a
1240 2434 1310 2465 Iove
1330 2440 1414 2465 ortus
1433 2445 1526 2476 quam
1547 2435 1657 2466 scribit
1678 2436 1709 2467 in
1727 2435 1819 2468 Tusc.
1836 2435 1916 2477 disp.
