2182 2740
984 141 1005 172 9

474 237 558 266 num,
571 232 698 258 veterem
708 228 840 257 amicum
850 238 947 266 cuum,
964 228 1142 265 studiosum,
1158 232 1320 265 amntem,
1337 227 1543 257 observantem
1554 228 1605 257 eui
1618 237 1680 257 non
1695 226 1765 257 libi-

476 284 557 322 dine,
579 294 642 314 non
656 283 798 325 turpibus
811 284 958 325 impencie
979 285 1225 326 cupiditatum
1247 291 1338 325 atque
1358 285 1486 316 iacturis
1508 285 1561 316 sed
1577 285 1764 325 experientia

399 341 433 367 10
471 339 658 380 patrimonii
677 338 889 380 amplificandi
909 339 1054 370 labentem
1072 340 1198 381 excepit,
1221 350 1389 370 corruere
1409 350 1480 371 non
1503 340 1602 379 eicit,
1618 340 1716 379 fulcit
1737 344 1765 370 et

474 396 619 426 sustinuit
632 395 902 435 refortunafide
911 395 1060 437 hodieque
1070 396 1198 427 metina
1210 406 1273 427 nec
1287 397 1439 427 amicum
1451 397 1667 437 prudentem
1681 405 1762 427 cor·

474 461 580 482 ruere
598 452 761 492 potitum
782 461 837 482 nec
857 451 943 482 illiue
964 452 1064 482 animi
1083 452 1179 482 aciem
1189 453 1393 492 praeetm'nqit
1407 452 1553 493 splendor
1566 453 1618 482 eui
1629 452 1763 482 nontinie

475 517 530 537 nec
544 507 651 537 mentio
662 507 755 548 quani
764 506 929 538 luminibus
941 507 1036 547 officit
1046 506 1176 538 altitudo
1181 507 1334 547 fortunae
1344 513 1372 538 et
1380 507 1508 548 qloriae.
1542 508 1605 538 sint
1617 517 1691 538 eane
1704 507 1762 538 illa

475 573 588 603 mayna
611 573 689 603 quae
710 573 744 593 re
763 573 836 593 vera
857 573 972 604 maqna
993 569 1079 594 eunt.-
1101 564 1139 593 de
1159 564 1276 594 iudicio
1298 565 1397 594 animi
1416 565 1478 594 mei
1494 570 1528 594 ut
1542 564 1620 594 volet
1634 565 1763 605 quicque

399 619 432 646 15
475 618 600 649 sentiat:
629 628 683 659 eqo
710 619 790 650 enim
815 618 894 650 hanc
914 619 949 650 in
975 619 1068 650 tantia
1095 618 1214 660 opibus,
1239 624 1326 650 tanta
1338 619 1474 660 fortuna
1496 618 1706 650 liberalitatem
1727 620 1762 650 in

474 685 554 713 suos,
579 676 755 706 memoriam
776 676 930 706 amicitiae
950 675 1263 716 reliquis‘vircutibus
1285 675 1423 706 omnibus
1445 681 1605 717 antepono.

218 729 353 761 Tantum
376 729 568 761 afferendum
591 735 665 770 erat,
691 735 724 761 ut
739 735 771 761 et
787 731 929 762 universe
944 731 1015 773 quis
1038 735 1123 762 esset
1145 731 1370 762 sententiarum
1385 736 1475 761 tenor
1496 735 1528 762 et
1546 731 1694 762 decursus
1716 731 1762 762 di-

218 787 296 828 spici
319 791 351 818 et
372 785 411 818 de
434 786 566 827 singulis
588 786 720 818 iudicari
744 792 827 818 recte
846 793 961 828 posset.
998 787 1146 819 Putamus
1166 792 1270 818 autem
1293 787 1438 828 primum,
1464 792 1498 818 ut
1516 798 1556 818 ne
1580 787 1612 818 id
1636 787 1762 828 quidem

217 847 456 883 praetereamus,
479 843 561 873 mira
575 841 618 882 (v.
632 840 666 882 6)
685 848 769 873 recte
792 843 901 882 scribi3
925 853 980 884 pro
996 853 1057 884 quo
1074 853 1144 873 cum
1159 843 1233 873 olim
1250 843 1304 874 alii
1320 843 1382 873 alia
1397 849 1615 884 proponerent,
1638 843 1761 881 eximia,

216 909 309 937 mera,
325 909 406 938 cera,
424 908 523 940 nuper
537 898 708 930 editoribus
723 900 871 930 nimirum
887 899 1086 941 praeplaouit.
1120 897 1208 938 Quos
1230 898 1379 930 fefellisse
1399 898 1484 930 dicas
1508 898 1683 930 disserendi
1703 899 1762 930 iter

217 954 301 995 quod
323 959 371 985 est
393 954 425 984 iu
449 953 508 985 hac
529 959 617 995 parte
640 954 800 986 orationis.
840 953 928 992 Quas
951 956 1033 986 enim
1057 954 1169 986 Cicero
1192 953 1338 986 Caesaris
1368 955 1497 985 virtutes
1525 959 1617 985 antea
1639 955 1761 994 magnis

214 1009 361 1041 laudibus
376 1009 473 1049 effert,
495 1020 547 1040 eas
564 1014 666 1041 tamen
683 1020 743 1041 non
762 1010 805 1041 ita
819 1009 1018 1041 admirandas
1038 1021 1107 1042 esse
1122 1010 1266 1051 affirmat,
1290 1009 1500 1052 quia‘magna
1514 1010 1607 1041 etiam
1624 1010 1761 1051 praemia

216 1065 375 1107 proposita
396 1065 513 1097 habent
534 1065 573 1097 ad
597 1066 731 1097 nominis
754 1064 1043 1098 immortalitatem?
1069 1066 1145 1098 haec
1166 1077 1260 1108 quam
1283 1066 1429 1108 deinceps
1452 1072 1585 1106 enarrat,
1610 1077 1689 1107 quae
1712 1071 1761 1097 est

216 1123 248 1153 in
272 1132 347 1153 cura
360 1131 397 1153 ac
412 1121 561 1153 memoria
575 1122 744 1153 amicorum
761 1122 871 1163 posita,
895 1123 977 1153 mira
990 1123 1058 1154 laus
1074 1127 1130 1162 est,
1155 1122 1185 1154 h.
1202 1133 1228 1153 e.
1245 1122 1447 1162 admirabilis,
1472 1123 1586 1163 quippe
1602 1132 1681 1163 quae
1697 1133 1758 1153 non

216 1177 406 1209 carminibus
430 1183 588 1219 poetarum
613 1188 671 1209 nec
693 1178 853 1209 annalium
876 1178 1085 1210 monumentis
1105 1178 1278 1210 celebretur
1292 1178 1347 1210 sed
1363 1184 1485 1210 tantum
1500 1178 1699 1220 prudentium
1714 1178 1759 1209 iu·
1784 1185 1790 1191 ’

216 1233 297 1265 dicio
324 1233 528 1274 expendatur.
572 1232 776 1274 Progreditur
801 1234 896 1274 igitur
917 1238 1021 1265 orator
1042 1245 1062 1265 a
1083 1235 1205 1274 magnis
1233 1235 1400 1265 virtutibus
1423 1234 1463 1265 ad
1489 1235 1639 1265 maiorem
1666 1244 1760 1275 quam

216 1294 313 1331 putat,
337 1290 418 1320 sicut
436 1289 468 1320 in
485 1294 625 1320 extrema
638 1294 726 1330 parte
741 1290 897 1330 expressis
914 1290 1017 1320 verbis
1033 1290 1110 1320 dicit
1123 1291 1185 1321 eint
1198 1290 1255 1320 illa
1269 1301 1398 1331 mayna:
1421 1300 1475 1330 eqo
1490 1290 1570 1320 hanc
1583 1291 1762 1321 memoriam

216 1346 369 1377 amicitiae
395 1350 563 1387 antepono,-
591 1349 622 1376 et
643 1345 725 1376 mira
751 1355 807 1376 suo
830 1345 898 1376 loco
921 1355 957 1376 eo
982 1345 1096 1376 certius
1119 1345 1243 1377 videtur
1265 1355 1326 1387 quo
1348 1346 1449 1386 magis
1472 1351 1601 1387 apparet
1622 1345 1705 1376 inter
1727 1356 1761 1376 se

216 1403 360 1445 opposita
382 1413 451 1434 esse
465 1399 514 1442 (5)
537 1413 597 1444 quo
618 1402 720 1433 minue
742 1402 961 1433 admirandum
983 1407 1027 1433 eet
1047 1407 1106 1433 cet.
1124 1407 1155 1433 et
1174 1399 1221 1442 (6)
1243 1402 1317 1433 haec
1338 1403 1419 1433 mira
1441 1403 1508 1433 laus
1531 1408 1588 1440 eet;
1611 1412 1690 1444 quae
1713 1407 1762 1434 est

216 1458 393 1500 progressio
409 1458 522 1489 similis
537 1458 583 1489 illi
599 1468 661 1499 qua
675 1458 708 1488 in
723 1458 893 1498 Ligariana
906 1458 979 1497 4,11
997 1458 1107 1489 scribit
1121 1458 1194 1489 haec
1208 1458 1422 1489 admirabilia:
1441 1459 1496 1489 ned
1508 1459 1650 1499 prodiqii
1661 1458 1762 1489 simile

215 1521 259 1547 eet
281 1514 365 1557 quod
385 1514 494 1546 dicam.
538 1513 749 1556 Cupiditatum
767 1511 810 1554 (v.
827 1512 871 1554 9),
896 1513 979 1556 quod
1002 1525 1072 1545 cum
1092 1513 1219 1545 Halmio
1239 1513 1401 1556 Kayserus
1422 1514 1557 1554 induxit,
1581 1513 1759 1555 Madvigius

218 1571 389 1602 vindicavit
413 1568 510 1610 (Adv.
531 1570 598 1601 crit.
618 1579 655 1601 m
676 1580 706 1610 p.
725 1569 810 1609 152),
839 1570 884 1601 ita
905 1570 1126 1611 interpretatus
1144 1569 1262 1611 ‘turpes
1284 1571 1443 1611 impensas
1466 1570 1670 1612 cupiditatum
1698 1571 1759 1601 dici

216 1638 296 1669 quae
317 1627 396 1659 fiant
417 1626 456 1658 ad
480 1625 665 1668 cupiditates
688 1623 878 1667 explendas.²
924 1625 1012 1658 Idem
1037 1626 1132 1657 verba
1151 1624 1221 1666 (10)
1243 1637 1384 1658 corruere
1405 1637 1468 1658 non
1489 1627 1561 1658 eicit
1582 1636 1661 1668 quae
1683 1637 1759 1659 non-

217 1684 294 1715 nulli
309 1684 350 1715 ob
366 1683 481 1715 similia
496 1693 574 1725 quae
589 1682 671 1713 infra
685 1681 755 1721 (11)
769 1682 915 1723 leguntur
929 1682 1133 1722 sustulerunt,
1154 1683 1308 1714 servanda
1323 1683 1420 1723 duxit,
1438 1684 1482 1714 ita
1497 1689 1582 1715 ratus
1598 1688 1630 1714 et
1644 1683 1759 1715 habere

217 1746 344 1782 pei-apte
366 1739 468 1771 locum
490 1739 523 1770 in
546 1739 607 1770 ista
633 1738 713 1770 serie
739 1748 845 1769 eorum
872 1748 951 1780 quae
978 1736 1096 1770 Caesar
1117 1738 1247 1770 Rabirio
1275 1739 1432 1780 tribuerit,
1462 1739 1609 1771 labentem
1631 1741 1757 1782 excepit,

216 1807 357 1828 corruere
377 1807 440 1827 non
460 1797 545 1831 eicit,
559 1795 656 1836 fulsit
678 1800 706 1825 et
726 1795 871 1826 sustinuit
892 1800 950 1826 cet.
969 1805 1068 1836 neque
1092 1795 1252 1835 probabile
1275 1806 1344 1826 esse
1366 1795 1444 1826 haec
1466 1796 1497 1826 in
1522 1796 1581 1827 hoc
1607 1796 1716 1827 ordine
1739 1807 1759 1827 a

217 1853 322 1885 nescio
349 1863 410 1895 quo
439 1856 559 1894 praeter
581 1850 744 1883 Ciceronis
770 1855 906 1882 mentem
932 1860 1001 1881 esse
1023 1850 1154 1881 adiecta.
1199 1849 1246 1881 De
1263 1850 1399 1890 fortuna
1421 1849 1464 1890 (v.
1483 1850 1536 1888 11)
1558 1851 1756 1892 ambigimus,

216 1921 309 1952 quam
332 1919 450 1949 vocem,
473 1919 554 1950 quae
575 1908 725 1939 librorum
741 1907 802 1938 fide
818 1918 879 1938 non
897 1906 1018 1938 videtur
1032 1906 1189 1946 destituta,
1213 1907 1353 1948 plerique
1368 1912 1560 1948 expungunt,
1585 1917 1679 1938 causa
1692 1918 1756 1939 non

217 1966 367 2005 indicata3
392 1975 450 1996 nec
472 1965 549 1996 satis
571 1963 764 2004 intelligitur,
788 1974 850 2004 qua
863 1974 897 1994 re
912 1963 944 1994 id
960 1973 1082 2003 nomen,
1107 1962 1189 2004 quod
1205 1963 1254 1994 bis
1274 1963 1355 1994 infra
1377 1963 1514 2002 recurrit,
1539 1963 1669 1994 altitudo
1683 1963 1757 2003 sor*

216 2029 307 2054 tunae
328 2028 357 2054 et
372 2022 492 2064 ,alariae
506 2019 585 2061 (13),
609 2022 642 2052 in
657 2021 751 2052 tantie
766 2020 884 2062 opibus,
907 2025 994 2051 tanta
1006 2019 1141 2060 fortuna
1155 2017 1234 2059 (15),
1258 2020 1291 2050 iu
1307 2019 1365 2050 hoc
1387 2019 1495 2050 ordine
1510 2030 1544 2050 re
1549 2019 1685 2058 fortuna
1690 2019 1758 2059 fide

217 2078 376 2109 ferendum
392 2088 550 2118 negemus,
575 2077 602 2108 si
617 2082 722 2108 tamen
738 2075 856 2109 Caesar
870 2075 964 2107 etiam
970 2076 1106 2116 fortuna
1121 2086 1186 2115 sua,
1210 2075 1325 2117 quippe
1340 2086 1418 2116 quae
1428 2076 1525 2115 fidem
1544 2075 1640 2115 daret,
1664 2075 1756 2106 susti-

216 2145 290 2166 nere
312 2134 468 2165 labentem
490 2132 634 2174 potuerit.

370 2188 434 2221 Sed
457 2188 535 2221 haec
556 2189 588 2220 in
611 2193 801 2229 transcursu,
824 2188 972 2230 quoniam
994 2187 1091 2220 semel
1114 2187 1153 2219 ad
1173 2187 1254 2219 hanc
1276 2187 1446 2218 orationem
1469 2192 1500 2218 et
1522 2186 1562 2218 ad
1584 2186 1666 2218 hanc
1688 2187 1755 2219 eius

215 2251 334 2287 partem
356 2246 452 2277 delati
473 2256 590 2277 eumue.
635 2245 750 2276 Dedita
771 2255 868 2287 opera
885 2245 978 2276 nobis
998 2244 1214 2276 disserendum
1233 2249 1281 2275 est
1296 2244 1334 2274 de
1350 2243 1454 2275 verbis
1468 2241 1538 2283 (11)
1552 2254 1608 2274 nec
1621 2244 1754 2275 amicum

213 2303 394 2344 prudentem
415 2312 555 2334 corruere
574 2302 704 2343 patitur,
727 2312 807 2343 quae
829 2301 944 2333 multos
967 2300 1047 2333 male
1070 2300 1252 2340 habuerunt,
1277 2300 1411 2331 maxime
1433 2299 1515 2341 quod
1535 2300 1668 2331 amicum
1681 2311 1756 2341 pru·

216 2359 332 2391 dentem
356 2358 506 2400 appellari
529 2359 735 2398 mirabantur,
759 2369 851 2400 quem
872 2358 1107 2400 imprudentem,
1126 2358 1304 2399 pudentem,
1327 2362 1462 2388 ruentem
1484 2356 1546 2387 dici
1569 2357 1755 2397 maluerunt,

216 2415 420 2446 coniectando
441 2420 590 2455 vagantes
610 2420 644 2446 ut
662 2414 779 2446 assolet
801 2425 834 2445 re
856 2425 966 2456 parum
987 2413 1158 2453 intellecta;
1183 2413 1236 2445 sed
1258 2424 1295 2444 ea
1312 2413 1406 2444 verba
1420 2413 1526 2454 spuria
1541 2424 1610 2444 esse
1626 2413 1756 2455 primus,
