2182 2740
1128 131 1169 162 10

372 217 402 246 ni
425 216 570 255 fallimur,
596 215 773 256 Madvigius
798 215 901 256 posuit
924 215 1155 257 Muellerusque
1179 215 1324 255 credidit3
1349 216 1470 256 putavit
1492 215 1575 247 enim
1599 215 1648 247 his
1673 216 1776 247 verbis
1799 227 1919 247 enarra-

370 278 468 303 torem
485 272 621 313 aliquem
637 271 831 313 superiorum
848 272 1044 312 sententiam,
1066 272 1179 313 quibus
1200 282 1278 313 quae
1295 270 1413 304 Caesar
1432 272 1511 304 bene
1531 271 1640 303 fecerit
1650 271 1780 304 Rabirio
1796 283 1918 304 enume-

372 332 487 368 rantur,
524 327 671 359 labentem
698 329 825 370 excepit,
854 338 997 360 corruere
1022 339 1084 360 non
1111 329 1193 366 eicit,
1212 328 1310 369 fulcit
1324 334 1352 360 et
1371 329 1514 360 sustinuit
1535 339 1569 360 re
1581 328 1718 370 fortuna
1731 328 1798 369 fide
1819 328 1919 360 hodie-

370 396 428 427 que
442 386 577 425 sustinet,
595 385 626 416 in
645 385 782 425 margine
797 385 934 416 breviter
949 384 1222 427 comprehendere.
1251 383 1322 425 Qua
1337 396 1371 416 re
1386 384 1446 416 hoc
1460 384 1587 427 quidem
1603 384 1745 425 efficitur,
1762 385 1795 417 in
1812 377 1920 417 eadem

370 441 647 482 comprehensione
670 452 709 472 ne
732 440 810 473 haec
834 441 894 473 duo
919 442 1077 483 comparia
1099 441 1243 482 legantur
1265 452 1406 473 corruere
1419 452 1482 473 non
1496 442 1569 473 sivit
1582 439 1652 482 (10)
1668 446 1699 472 et
1712 452 1767 472 nec
1782 452 1923 473 corruere

366 499 488 539 patitur
508 496 587 538 (12),
613 497 643 528 id
661 497 744 539 quod
765 498 844 529 alios
865 498 1035 529 adduxisse
1056 498 1202 538 diximus,
1225 503 1258 529 ut
1278 498 1383 539 priora
1398 497 1453 529 illa
1466 497 1637 529 reiicienda
1653 502 1824 538 censerent,
1841 508 1921 538 quae

370 559 474 586 tamen
499 554 596 586 series
620 554 689 595 ipsa
711 554 827 595 optime
850 553 995 585 ordinata
1018 554 1096 585 tueri
1114 548 1287 585 videbaturL
1316 553 1516 585 Probabilius
1532 552 1721 594 Madvigius,
1747 554 1774 585 si
1790 553 1920 585 alterum

371 616 473 641 utrum
499 610 666 641 delendum
689 615 749 650 est,
780 610 838 641 hoc
865 610 1020 652 posterius
1044 620 1165 641 comma
1191 610 1301 641 abesse
1326 609 1443 640 maluit.
1489 609 1581 641 Unde
1604 609 1681 640 haec
1703 609 1801 640 oritur
1823 610 1921 640 oratio

370 665 457 706 (nam
481 667 578 698 oculis
603 666 798 698 subiicienda
821 671 881 705 est,
912 670 945 697 ut
967 670 1051 696 recte
1075 666 1256 696 aestimetur
1278 676 1357 696 neve
1380 676 1437 696 nos
1461 665 1563 706 specie
1587 663 1793 706 decipiamur)

631 723 759 763 equitem
777 722 961 761 Romanum,
977 728 1103 753 veterem
1122 723 1255 753 amicum
1269 733 1369 761 suum,
1385 722 1564 761 studiorum,
1582 727 1744 759 amantem,
1762 722 1921 753 observan-

630 784 688 809 tem
709 779 760 809 eui
780 789 842 809 non
866 778 1005 817 libidine,
1029 789 1091 809 non
1114 778 1256 820 turpibus
1278 779 1424 820 impensis
1444 778 1647 819 cupiditatum
1669 783 1761 819 atque
1780 779 1921 817 iacturis,

629 835 683 865 sed
704 835 892 875 experientia
917 836 1101 876 patrimonii
1127 835 1340 876 amplificandi
1365 834 1512 866 labentem
1538 835 1667 875 excepit,
1695 845 1835 866 corruere
1860 845 1922 866 non

629 891 714 929 sivit,
740 890 832 928 fulcit
853 896 881 922 et
905 892 1049 922 sustinuit
1074 901 1108 922 re
1130 891 1263 931 fortuna
1276 891 1342 930 fide
1368 890 1516 932 hodieque
1536 891 1705 922 sustinet.-
1731 901 1793 922 nec
1815 890 1922 922 illiue

631 948 731 978 animi
751 948 848 978 aciem
868 949 1069 988 praestrinqit
1084 947 1230 988 splendor
1249 948 1300 978 eui
1312 948 1446 978 nominis
1460 957 1514 978 nec
1529 948 1635 978 mentis
1650 948 1743 987 quasi
1756 946 1922 978 luminibus

631 1002 728 1042 officit
749 1003 880 1033 altitudo
895 1003 1048 1042 fortunae
1070 1009 1097 1034 et
1117 1003 1247 1044 yloriae.

371 1057 408 1088 In
433 1057 482 1088 his
507 1057 545 1089 de
569 1057 784 1089 additamento
808 1058 834 1089 si
857 1059 1016 1099 quaeritur
1032 1058 1114 1100 quod
1131 1059 1162 1089 in
1180 1059 1320 1099 margine
1336 1058 1570 1099 adscripsimus,
1595 1069 1657 1089 non
1673 1057 1731 1089 hoc
1747 1058 1922 1098 obiicimus,

394 833 437 850 nec
449 825 554 850 anu'eum

368 868 513 900 prudentem
523 875 576 893 cor-

381 918 454 936 ruere
464 911 562 944 patitur

371 1125 431 1144 non
457 1114 534 1145 satis
558 1125 707 1155 apparere
730 1114 803 1155 quid
829 1120 1040 1145 enarratorem
1063 1115 1195 1145 moverit
1211 1119 1243 1145 ut
1259 1114 1307 1146 his
1323 1124 1402 1155 quac
1422 1121 1528 1155 aperte
1547 1114 1665 1155 scripta
1683 1119 1773 1145 erant
1791 1114 1824 1145 in
1843 1124 1921 1145 mar-

346 1188 349 1190 *
370 1171 442 1210 gine
458 1169 627 1200 eorundem
644 1171 831 1201 sententiam
851 1171 988 1202 breviter
1009 1170 1267 1211 comprehensam
1282 1170 1441 1210 adiiceret,
1466 1181 1572 1201 verum
1588 1170 1666 1202 illud
1683 1170 1825 1210 dicimus,
1846 1170 1924 1201 inita

371 1226 603 1267 comparatione
628 1237 688 1256 non
714 1225 811 1257 videri
828 1226 916 1257 illum
933 1226 1195 1268 comprehendere
1211 1237 1291 1267 quae
1307 1227 1409 1268 posita
1424 1232 1566 1258 erant—
1578 1237 1639 1268 quo
1655 1227 1738 1258 enim
1753 1227 1873 1268 patitur
1888 1237 1924 1258 ac

370 1292 431 1312 non
453 1292 566 1323 paeone
589 1288 640 1321 eet,
665 1286 697 1313 et
719 1292 773 1313 cur
795 1284 928 1313 amicum
947 1283 1141 1324 prudentem,
1165 1293 1255 1323 quem
1281 1283 1384 1324 potius
1406 1283 1629 1324 imprudentem
1651 1282 1808 1324 appellare
1832 1282 1923 1314 debe·

371 1339 445 1370 bat‘?
469 1356 508 1359 —
533 1338 589 1369 sed
611 1339 795 1370 continuare
811 1345 842 1369 et
862 1339 1052 1379 amplificare
1071 1339 1149 1370 velle
1165 1350 1244 1379 quae
1261 1339 1378 1380 scripta
1393 1345 1467 1370 sunt
1488 1339 1638 1380 hodieque
1652 1339 1786 1378 sustinet,
1811 1339 1923 1379 quibus

370 1393 425 1425 illa
446 1405 501 1425 nec
523 1406 551 1425 a.
566 1405 599 1436 p.
617 1404 759 1425 corruere
779 1395 899 1436 patitur
921 1400 1065 1426 accurate
1088 1395 1119 1426 in
1144 1395 1274 1426 eandem
1298 1394 1428 1426 formam
1453 1400 1484 1426 et
1503 1394 1690 1426 sententiam
1706 1393 1922 1426 adnectuntur.

369 1450 481 1492 Itaque
504 1450 563 1482 hoc
586 1450 799 1492 quaerendum
822 1457 877 1491 est,
902 1451 978 1492 quid
993 1451 1080 1482 illum
1102 1451 1276 1491 adduxerit,
1303 1456 1335 1482 ut
1351 1451 1501 1490 hocloco,
1527 1451 1580 1482 ubi
1601 1451 1634 1481 in
1656 1451 1745 1482 libris
1767 1450 1922 1491 leguntur,

372 1506 448 1537 haec
473 1507 568 1537 verba
591 1506 737 1537 addenda
759 1507 914 1537 curaverit
937 1512 968 1537 et
990 1518 1052 1548 qua
1074 1507 1117 1538 ibi
1143 1507 1276 1538 utilitate
1299 1507 1420 1538 adiecta
1445 1506 1617 1538 videantur.

529 1560 592 1593 Sed
616 1563 701 1603 prius
725 1562 887 1594 videamus
910 1563 1061 1603 proxima,
1084 1573 1139 1593 nec
1157 1563 1242 1593 illiue
1262 1564 1361 1594 animi
1381 1563 1478 1594 aciem
1495 1563 1699 1604 praem-infit
1716 1563 1862 1604 splendor
1875 1565 1926 1595 sui

373 1619 507 1649 neminie
522 1623 580 1649 cet.
614 1618 661 1649 De
677 1619 790 1660 quibus
807 1618 985 1660 Madvigius
1001 1619 1046 1650 ita
1061 1619 1146 1659 dicit,
1164 1623 1236 1659 post
1250 1619 1305 1650 illa
1323 1619 1472 1660 hodieque
1486 1617 1761 1650 sustinet‘transiri
1777 1619 1815 1650 ad
1832 1630 1923 1660 gene-

374 1674 471 1705 ralem
493 1673 640 1706 Caesaris
663 1672 805 1706 laudem.²
835 1673 898 1706 Sed
919 1686 986 1706 eam
1004 1674 1128 1706 laudem
1144 1673 1290 1706 Caesaris
1313 1675 1340 1706 is
1361 1675 1414 1716 qui
1433 1679 1530 1706 totum
1551 1675 1789 1716 argumentandi
1809 1686 1923 1707 nexum

373 1730 502 1771 respicit
524 1731 679 1771 intelliget
700 1742 763 1762 non
788 1732 832 1762 ita
854 1731 1032 1772 generalem
1056 1742 1125 1762 esse
1149 1736 1183 1762 ut
1203 1742 1265 1762 non
1289 1730 1439 1762 referatur
1462 1730 1500 1762 ad
1521 1741 1558 1762 ea
1573 1741 1653 1772 quae
1675 1731 1816 1772 proxime
1839 1737 1923 1764 ante-

373 1786 496 1817 cedunt.
532 1786 642 1827 Itaque
665 1786 746 1817 hanc
769 1797 838 1818 esse
861 1787 1047 1818 sententiam
1072 1787 1237 1817 statuimus
1255 1785 1368 1827 ‘neque
1392 1786 1539 1827 splendor
1561 1786 1697 1818 nominis
1720 1791 1774 1817 aut
1792 1787 1924 1818 altitudo

373 1841 515 1873 fortunae
541 1841 686 1883 prohibet
709 1853 779 1873 eum
803 1843 969 1884 quominus
993 1842 1163 1873 amicorum
1179 1852 1299 1873 memor
1314 1842 1356 1873 sit
1371 1847 1402 1873 et
1417 1852 1523 1873 eorum
1540 1853 1645 1874 curam
1662 1840 1800 1883 habeat3'
1824 1849 1855 1875 et
1869 1843 1925 1876 illa

374 1903 519 1938 putamus
532 1898 649 1938 optime
665 1899 744 1929 inter
757 1909 790 1929 se
806 1899 893 1939 iungi
908 1899 1058 1939 hodieque
1072 1900 1213 1929 suetinet:
1228 1909 1282 1929 nec
1296 1898 1382 1929 illiue
1393 1899 1493 1929 animi
1506 1900 1602 1929 aciem
1614 1900 1816 1941 praeetrinqit
1825 1899 1923 1940 splen-

374 1954 433 1985 dor
451 1955 502 1985 eui
519 1955 652 1985 nominis
677 1960 749 1986 cet:
775 1954 836 1986 nisi
859 1954 941 1997 quod
966 1955 997 1986 in
1022 1959 1171 1987 consueta
1187 1953 1350 1987 Ciceronis
1371 1955 1520 1996 ubertate,
1545 1966 1625 1997 quae
1645 1959 1676 1987 et
1695 1955 1837 1988 hocloco
1853 1966 1922 1988 con-

375 2011 483 2052 spicua
499 2017 555 2051 est,
573 2012 659 2053 prius
675 2011 751 2042 illud
769 2013 968 2043 commatium
987 2012 1015 2043 h.
1032 2023 1055 2043 ε.
1073 2023 1135 2043 non
1152 2012 1267 2043 iniuria
1281 2011 1413 2043 fortasse
1429 2012 1521 2053 paulo
1537 2012 1661 2044 tenuius
1679 2012 1827 2053 videatur,
1848 2018 1883 2044 ut
1897 2014 1923 2045 si

374 2068 417 2098 ibi
434 2067 553 2108 aliquid
569 2067 773 2108 interpolator
789 2067 828 2098 ad
841 2068 924 2099 hunc
940 2068 1004 2099 fere
1016 2067 1142 2099 modum
1158 2067 1315 2099 addiderit
1325 2078 1422 2109 neque
1436 2078 1578 2099 corruere
1590 2069 1710 2110 patitur
1725 2079 1786 2099 non
1800 2068 1923 2110 culpan-

375 2123 433 2155 dus
449 2123 499 2164 sit,
517 2124 570 2166 qui
587 2123 661 2166 quid
675 2122 862 2156 Ciceronem
879 2124 988 2156 deceat
1003 2130 1066 2156 tam
1080 2130 1164 2156 recto
1181 2135 1273 2156 sensu
1290 2125 1471 2166 perceperit.
1493 2123 1609 2156 Verum
1624 2129 1728 2157 tamen
1745 2125 1828 2167 quod
1840 2131 1924 2157 recte

374 2180 490 2211 factum
507 2180 650 2219 dicimus,
667 2181 726 2211 erit
741 2180 794 2221 qui
811 2181 919 2221 spuria
934 2180 1053 2220 origine
1070 2185 1176 2211 natum
1193 2191 1286 2222 quam
1302 2192 1320 2211 a
1335 2186 1422 2221 patre
1442 2181 1592 2212 orationis
1608 2187 1730 2222 partum
1746 2182 1924 2213 existimare

374 2236 484 2267 malit?
515 2235 626 2277 Itaque
650 2242 754 2267 actum
777 2241 826 2267 est
848 2236 886 2267 de
909 2236 1005 2268 alieni
1027 2236 1233 2267 additamenti
1257 2235 1444 2277 suspicione.
1478 2235 1559 2267 Illud
1584 2237 1690 2278 quaeri
1716 2242 1825 2278 potest,
1850 2248 1924 2279 quo-

374 2292 459 2337 niam
483 2292 629 2323 universa
652 2292 809 2324 sententia
831 2292 899 2324 loco
923 2292 1099 2324 deiicienda
1123 2303 1184 2323 non
1208 2297 1268 2332 est,
1297 2304 1370 2323 uum
1393 2292 1472 2324 forte
1495 2293 1527 2324 in
1550 2293 1628 2334 ipsis
1651 2293 1755 2325 verbis
1778 2294 1820 2324 sit
1842 2293 1925 2335 quod

375 2360 501 2379 manum
529 2349 771 2379 emendatricem
801 2355 917 2389 poscat.
967 2348 1047 2380 Nam
1076 2348 1158 2390 quod
1187 2348 1264 2380 dicit
1290 2359 1386 2389 neque
1413 2359 1554 2380 corruere
1579 2350 1709 2390 patitur,
1737 2359 1923 2390 quamquam

377 2405 471 2436 verbo
494 2406 622 2436 sustinet
644 2411 786 2436 accurate
810 2405 986 2446 oppositum
1011 2411 1067 2444 est,
1092 2410 1195 2436 tamen
1220 2405 1294 2446 quia
1315 2405 1486 2446 praecessit
1501 2416 1641 2437 corruere
1655 2416 1717 2436 non
1732 2406 1811 2445 civit,
1837 2405 1924 2437 dubi-
