2182 2740
1093 172 1113 203 6

327 264 406 298 eunt,
427 259 481 289 sed
499 265 533 289 ut
551 269 607 289 nos
627 264 653 289 et
668 264 788 289 nostroe
809 258 919 289 liberos
939 259 982 289 ad
1001 258 1134 290 labore-m
1153 264 1181 289 et
1199 259 1242 289 ad
1256 259 1378 290 laudem
1397 259 1549 290 excitaret.
1580 257 1617 289 In
1638 258 1751 300 quibus
1771 269 1878 290 rursus

326 320 374 347 est
394 315 476 357 quod
497 315 651 356 legentem
673 320 824 347 moretur:
850 326 922 346 nam
941 313 1015 347 “non
1037 326 1117 357 quae
1137 315 1273 358 scripsit,
1294 315 1397 358 inquit
1416 314 1605 357 Madvigius,
1629 314 1735 347 omnia
1750 325 1786 347 eo
1807 325 1878 347 con·

327 371 397 403 silio
414 372 541 412 scripsit
556 372 610 402 sed
627 371 704 402 haec
720 370 810 412 ipsa’,
837 382 936 412 neque
951 371 1047 403 alium
1063 383 1190 403 sensum
1207 372 1265 403 hoc
1281 371 1395 413 duplex
1410 373 1534 414 scripsit
1550 372 1715 403 videbatur
1729 372 1877 414 recipere.

326 426 429 466 Quam
447 428 487 458 ob
503 439 567 458 rem
586 427 644 458 hoc
660 427 791 458 alterum
807 428 932 466 ser-ipsit
947 426 1019 466 (fuit
1034 427 1087 469 qui
1104 428 1190 470 prius
1205 428 1325 467 mallet)
1341 428 1402 459 iam
1419 439 1438 459 a
1453 427 1624 460 Garatonio
1639 432 1791 469 notatum,
1808 439 1878 460 cum

326 482 446 515 Orellio
463 483 652 524 Wunderus,
675 495 744 514 cum
762 482 884 515 Cobeto
899 483 1079 525 Madvigius
1098 484 1167 515 tolli
1182 485 1349 525 iusserunt,
1372 490 1405 515 ut
1424 484 1558 526 simplex
1578 489 1661 516 esset
1680 485 1779 516 oratio
1799 495 1879 526 quae

325 541 450 580 scripsit
463 540 641 580 inqenioeue
654 545 757 581 poeta,
773 550 836 571 non
851 545 885 571 ut
898 540 970 571 illos
985 563 992 570 .
1012 563 1019 569 .
1035 541 1089 570 sed
1102 546 1137 571 ut
1150 551 1207 571 noe
1224 564 1231 571 .
1249 565 1256 572 .
1273 541 1424 572 excitaret.

481 595 533 625 Ad
557 595 640 626 hunc
662 595 758 635 igitur
781 595 906 626 modum
931 600 1030 626 totum
1052 595 1156 626 locum
1178 595 1362 628 adornatum

585 652 671 683 Haec
685 652 736 683 illi
748 652 827 683 soleo
838 653 1020 693 praecipere
1035 663 1113 694 quae
1127 652 1180 683 ille
1195 664 1215 683 a
1231 652 1303 684 Iove
1318 659 1402 684 orcus
1416 654 1480 684 euie
1492 653 1649 695 praecipit
1652 652 1749 693 filiis:
1777 650 1876 694 ’ὐίρί-

586 708 712 737 landum
733 713 777 738 eet
794 718 928 749 semper,⁸
946 708 1060 738 multae
1078 709 1211 739 ineidiae
1229 714 1301 739 eunt
1315 706 1436 739 bonie.”
1457 709 1553 739 noetis
1572 714 1678 739 cetera.
1711 706 1829 747 [nonne
1843 709 1878 739 id

585 764 669 804 quod
689 764 780 794 multi
799 761 977 804 invideant]
999 774 1078 805 quae
1100 765 1225 806 ewipeit
1243 764 1351 806 qravie
1366 770 1393 795 et
1415 765 1590 806 ingeniosus
1608 769 1702 806 poeta
1716 761 1877 806 [ecripeit]

586 830 648 850 non
667 825 700 851 ut
714 820 785 851 illos
799 821 900 862 reqios
913 831 1026 861 pueros
1038 843 1045 850 .
1061 844 1079 859 .‚
1103 820 1156 851 aed
1171 826 1204 851 ut
1217 830 1273 850 noe
1289 825 1316 851 et
1330 825 1450 852 noeti-08
1465 820 1575 852 liberos
1589 820 1632 851 ad
1646 820 1779 851 laborem
1793 825 1822 851 et
1835 820 1877 851 ad

584 875 706 906 laudem
728 877 881 916 excitaret,

325 931 442 972 duplici
460 942 609 962 uncorum
626 933 693 973 pari
709 932 865 973 insignem
882 932 1036 964 editiones
1052 933 1241 964 recentiores
1257 943 1335 974 quas
1348 932 1472 973 quidem
1485 933 1629 963 novimus
1642 943 1750 963 omnes
1762 932 1874 972 ferunt,

323 987 530 1018 Muelleriana
545 999 572 1018 a.
592 988 684 1027 1886,
706 987 894 1030 Koepkiana
909 999 928 1019 a
942 987 1132 1028 Landgrafio
1147 988 1321 1019 instaurata
1336 999 1364 1019 a.
1383 987 1475 1028 1888,
1498 988 1670 1019 novissima
1686 988 1725 1019 ab
1741 987 1874 1019 Audeno

322 1043 461 1074 Londini
474 1044 715 1083 a.18970urata‚
730 1044 789 1075 nisi
803 1044 886 1086 quod
900 1044 1212 1086 praeterMuellerum
1225 1045 1350 1086 scripsit
1361 1044 1491 1075 alterum
1504 1055 1543 1075 nc
1557 1044 1735 1075 uncinatum
1749 1043 1875 1085 quidem

323 1099 459 1131 tolerant
470 1100 501 1130 in
514 1104 611 1138 textu,
628 1104 732 1141 utpote,
746 1100 828 1141 quod
843 1112 880 1131 ex
894 1111 980 1131 mera
991 1100 1112 1131 scilicet
1124 1100 1307 1141 repetitione
1320 1105 1421 1131 ortum
1435 1100 1546 1131 eiicere
1558 1099 1636 1131 nihil
1650 1104 1742 1131 vetet.
1765 1100 1875 1141 Neque

323 1167 413 1187 secus
434 1155 512 1187 haec
525 1156 606 1187 inter
618 1157 709 1188 Accii
723 1157 903 1187 testimonia
915 1156 1109 1188 Ribbeckius
1122 1167 1222 1198 nuper
1234 1156 1436 1197 Tragicorum
1447 1156 1630 1197 fragmentis
1643 1157 1768 1188 tertium
1781 1156 1874 1188 editis

323 1212 363 1249 (a.
383 1212 480 1250 1897)
500 1212 684 1252 perscripsit
700 1223 729 1252 p.
744 1212 815 1250 188,
833 1218 926 1252 atque
943 1213 1037 1242 etiam
1052 1212 1276 1242 Lachmannus
1296 1223 1365 1243 cum
1387 1212 1464 1243 haec
1479 1213 1588 1243 afferat
1602 1213 1634 1242 in
1651 1212 1874 1243 commentario

322 1266 513 1299 Lucretiano
539 1278 567 1309 p.
588 1267 627 1299 18
651 1278 729 1309 quae
751 1269 876 1309 scripsit
895 1269 1001 1309 yravie
1023 1268 1088 1299 ille
1110 1274 1138 1299 et
1159 1269 1335 1309 myenioeue
1353 1274 1447 1310 poeta
1468 1279 1530 1299 non
1549 1274 1583 1299 ut
1597 1268 1667 1299 illos
1680 1293 1708 1299 ..
1732 1269 1875 1299 excitaret

322 1323 431 1354 addito
453 1324 638 1364 pronomine
659 1324 742 1364 quod
763 1324 871 1364 scripti
896 1324 968 1355 libri
989 1335 1049 1354 non
1071 1330 1246 1364 agnoscunt
1268 1335 1306 1355 ne
1327 1324 1365 1365 de
1382 1324 1594 1365 superioribus
1610 1324 1735 1365 quidem
1752 1324 1875 1355 videtur

322 1379 413 1410 aliter
428 1379 594 1411 iudicasse.
623 1379 788 1410 Neminem
806 1379 941 1410 vidimus
958 1379 1011 1421 qui
1029 1379 1066 1410 de
1084 1380 1229 1411 universa
1244 1380 1305 1411 ista
1320 1380 1440 1411 ratione
1456 1380 1534 1411 inita
1550 1384 1580 1411 et
1596 1380 1726 1421 probata
1741 1390 1760 1410 a
1774 1378 1874 1410 doctis

322 1436 451 1467 dubium
472 1441 620 1476 moveret,
643 1436 699 1467 sed
719 1436 822 1467 aliena
841 1435 903 1466 fide
919 1436 1075 1477 consopiti
1095 1437 1319 1477 acquieverunt
1339 1447 1458 1468 omnes.
1492 1436 1582 1468 Unus
1602 1436 1764 1478 Kayserus
1786 1436 1874 1466 uncis

322 1491 448 1532 quidem
469 1492 622 1523 abstinuit
641 1498 672 1522 et
694 1492 789 1524 verba
810 1491 896 1523 dedit
917 1498 950 1522 ut
969 1503 988 1523 a
1002 1492 1128 1523 Baitero
1149 1492 1223 1523 olim
1241 1503 1280 1523 ex
1296 1492 1437 1523 codicum
1455 1492 1605 1523 memoria
1620 1492 1704 1523 edita
1719 1496 1800 1531 sunt,
1818 1491 1873 1523 sed

321 1547 401 1579 nihil
424 1548 477 1579 ille
500 1548 605 1579 attulit
628 1559 689 1590 quo
712 1559 819 1579 eorum
842 1548 906 1579 vim
927 1553 958 1579 et
974 1549 1161 1579 sententiam
1186 1559 1246 1579 non
1272 1559 1332 1580 uno
1353 1549 1478 1580 nomine
1494 1549 1658 1580 obscuram
1674 1548 1873 1590 patefaceret.

477 1604 567 1635 Haec
588 1604 726 1635 narratio
746 1605 792 1635 rei
807 1609 923 1645 gestae,
949 1604 1055 1636 multis
1072 1605 1213 1645 molesta,
1238 1605 1292 1646 qui
1307 1604 1386 1636 nihil
1402 1610 1555 1646 quaerunt
1570 1605 1631 1636 nisi
1647 1604 1722 1646 quid
1738 1609 1874 1636 statuen-

322 1659 397 1689 dum
425 1654 579 1698 videatur,
610 1659 770 1690 nonnullis
797 1660 859 1690 nisi
886 1659 1023 1690 fallimur
1051 1670 1112 1690 non
1140 1660 1260 1691 inutilis
1284 1660 1450 1699 videbitur,
1479 1660 1726 1699 intelligentibus
1750 1670 1812 1690 non
1835 1660 1874 1690 de

320 1714 420 1746 nihilo
444 1726 513 1746 esse
529 1715 619 1755 scire,
644 1726 704 1757 quo
721 1715 874 1757 principio
889 1720 958 1746 orta
972 1715 1085 1757 quibus
1102 1714 1251 1755 gradibus
1267 1715 1305 1747 ad
1322 1715 1416 1747 istum
1432 1716 1526 1747 finem
1542 1715 1620 1747 haec
1636 1715 1725 1747 crisis
1742 1714 1875 1746 deducta

320 1772 423 1802 fuerit.
458 1773 564 1812 Atque
588 1783 624 1802 ea
646 1772 708 1802 iam
733 1771 824 1802 nobis
841 1772 1094 1812 recognoscenda
1109 1777 1166 1802 est.
1201 1770 1394 1802 Sententiam
1412 1783 1504 1812 quam
1521 1771 1686 1802 secludunt
1699 1771 1822 1802 “nonne
1840 1772 1875 1801 id

321 1827 405 1869 quod
437 1827 527 1858 multi
547 1824 733 1858 invideant²³
756 1826 934 1868 Madvigius
957 1824 1165 1867 ‘grammatici
1193 1826 1404 1867 suspicionem
1428 1826 1508 1858 dixit
1530 1827 1561 1858 in
1586 1827 1726 1868 margine
1753 1826 1872 1868 antiqui

322 1883 439 1914 codicis
456 1880 654 1914 adnotatam.²
685 1881 844 1924 Speciose.
873 1882 935 1913 Sed
953 1888 1041 1914 estne
1059 1883 1117 1914 hoc
1133 1883 1282 1914 credibile
1298 1883 1381 1924 quod
1397 1883 1511 1924 posuit,
1539 1883 1645 1914 nescio
1665 1893 1755 1924 quem
1772 1894 1872 1923 gram-

321 1939 478 1979 maticum,
504 1939 557 1980 qui
580 1939 654 1980 quia
676 1938 756 1970 forte
779 1950 898 1970 memor
921 1944 988 1970 erat
1010 1939 1162 1970 orationis
1178 1936 1350 1978 Sestianae,
1375 1939 1407 1970 in
1427 1949 1490 1980 qua
1505 1939 1601 1970 verba
1616 1939 1727 1970 multae
1740 1939 1874 1970 incidiae

320 2001 392 2026 eunt
413 1995 501 2026 bom'e
525 1996 724 2036 excipiuntur
745 1995 821 2034 (non
846 1995 954 2027 eodem
979 1995 1153 2032 enuntiato)
1177 1995 1216 2026 ab
1239 1994 1289 2025 his
1304 1996 1340 2025 id
1354 1995 1438 2035 quod
1451 1995 1542 2025 multi
1554 1996 1722 2032 invideant,
1744 1994 1791 2025 illi
1806 2005 1872 2025 ver-

321 2051 379 2091 sui,
404 2061 466 2092 quo
491 2062 551 2081 uno
572 2049 683 2082 Cicero
708 2050 933 2091 defungebatur
957 2050 1073 2082 additis
1094 2050 1199 2082 verbis
1219 2051 1314 2082 noetio
1334 2056 1440 2090 cetera,
1464 2049 1523 2081 hoc
1542 2050 1674 2081 alterum
1695 2050 1872 2091 exemplum

320 2118 360 2138 ex
383 2106 491 2138 eadem
515 2111 624 2147 poetae
641 2107 779 2137 oratione
796 2106 926 2147 petitum
942 2107 1031 2148 quasi
1047 2106 1132 2138 illius
1148 2106 1355 2148 parsimoniae
1371 2105 1608 2147 locupletandae
1623 2116 1718 2138 causa
1737 2105 1872 2137 adiicere

320 2163 428 2202 voluit,
445 2162 477 2193 id
494 2173 549 2203 per
565 2162 645 2193 hanc
660 2162 802 2193 timidam
820 2163 1094 2203 interrogationem
1106 2161 1274 2193 nonne“id
1287 2163 1371 2203 quod
1384 2173 1424 2193 m.
1437 2159 1476 2192 i.’'
1491 2162 1666 2193 instituisse
1682 2162 1772 2202 quasi
1784 2161 1873 2193 dubi-

319 2223 400 2249 taret
422 2222 454 2248 et
470 2217 690 2248 cunctaretur?
723 2217 845 2248 Merum
863 2229 984 2248 versum
1002 2222 1154 2258 putamus,
1173 2218 1199 2248 si
1215 2217 1246 2248 id
1263 2218 1385 2257 agebat,
1407 2217 1622 2258 appositurum
1637 2217 1748 2248 fuisse:
1766 2227 1872 2258 quam·

319 2285 411 2315 quam
436 2273 463 2305 si
488 2285 596 2305 verum
619 2273 708 2304 fateri
734 2273 886 2313 volumus,
910 2284 950 2304 ne
974 2273 1039 2304 eius
1063 2273 1190 2314 quidem
1213 2272 1348 2304 addendi
1373 2283 1466 2303 causa
1489 2272 1553 2304 ulla
1571 2272 1751 2314 apparebat.
1785 2271 1871 2311 Quid

319 2331 403 2361 enim
426 2331 458 2361 in
482 2330 531 2361 his
554 2330 628 2361 haec
649 2329 700 2360 illi
719 2329 801 2360 soleo
820 2330 1001 2370 praecipere
1024 2340 1102 2370 quae
1123 2330 1176 2360 ille
1191 2342 1211 2360 a
1227 2329 1298 2360 Iove
1319 2335 1402 2361 ortua
1424 2331 1488 2361 ouis
1509 2331 1663 2372 praecipit
1676 2327 1871 2370 flliie'‘viqi-

319 2387 447 2416 landum
469 2392 511 2416 eet
533 2396 665 2427 semper:
688 2385 802 2415 multae
823 2386 957 2415 insidiae
978 2391 1050 2415 eunt
1071 2383 1174 2415 bonis.²
1178 2383 1187 2394 ²
1210 2387 1307 2416 noetis
1330 2391 1428 2416 celera
1451 2385 1622 2416 desiderari
1638 2385 1771 2416 dicimus
1787 2384 1870 2425 quod

317 2443 512 2483 grammatici
536 2442 734 2473 sedulitatem
759 2452 883 2472 movere
905 2441 1061 2483 potuerit?
