2182 2740
966 144 1001 174 11

209 228 285 260 tatio
308 227 414 267 oritur,
441 239 551 259 verene
576 228 605 258 in
631 228 691 259 hac
713 228 793 259 serie
816 228 1038 260 sententiarum
1063 228 1111 260 bis
1127 229 1209 260 idem
1235 230 1361 260 verbum
1386 230 1519 271 positum
1542 229 1645 268 fuerit,
1669 240 1754 270 prae-

209 284 317 316 sertim
339 294 409 315 cum
433 295 493 315 non
518 284 594 315 satis
618 284 811 326 dispiciatur,
835 284 909 326 quid
925 285 967 316 sit
982 285 1065 326 quod
1081 285 1129 316 his
1147 286 1250 317 verbis
1270 286 1418 327 hodieque
1432 287 1559 317 euetinet
1580 296 1677 327 neque
1691 296 1755 317 cor-

208 351 297 372 ruere
317 342 436 382 patitur
458 341 703 381 iterata-obiecti
728 341 965 382 significatione,
990 341 1071 383 quod
1094 353 1187 373 unum
1212 346 1278 373 erut
1294 342 1349 373 toti
1366 342 1508 382 orationi,
1532 343 1663 373 amicum
1674 353 1755 384 pru-

209 398 327 429 dentem
348 396 503 429 adiecerit.
550 396 641 436 Quod
660 403 693 428 ut
709 402 791 429 recte
807 396 969 438 iudicetur,
993 397 1214 429 attendendum
1239 403 1296 436 est,
1320 398 1375 430 illa
1390 398 1515 440 quidem
1532 404 1659 440 perapte
1675 399 1756 429 inter

210 465 243 485 se
258 453 364 484 iuncta
383 464 452 485 esse
468 455 600 485 amicum
614 455 802 496 experientia
813 455 998 496 patrimonii
1011 455 1223 496 amplificandi
1236 454 1381 486 labentem
1397 457 1521 497 excepit,
1538 465 1680 487 corruere
1693 466 1757 486 non

208 510 290 549 sivit,
304 509 411 550 fulcit,
434 511 587 550 sustinuit,
611 511 651 541 ab
674 510 713 541 iis
736 516 840 541 autem
864 510 941 542 baec
962 521 1040 552 quae
1064 515 1135 551 post
1149 510 1337 541 adiiciuntur
1351 511 1499 552 hodieque
1513 512 1640 542 euetinet
1653 511 1756 542 soluta

210 577 278 597 esse
306 566 509 608 latioremque
535 566 691 608 quandam
718 566 977 607 significationem
1005 566 1133 597 habere:
1165 577 1264 608 neque
1292 567 1374 597 enim
1402 566 1461 598 boc
1491 567 1580 607 dicit,
1607 567 1757 609 hodieque

211 621 388 653 labentem
409 623 536 654 eustinet
557 626 589 653 et
604 621 780 653 labentem
795 632 935 653 corruere
949 632 1012 653 non
1023 623 1152 664 patitur,
1171 622 1280 660 (semel
1295 622 1416 663 lapsum
1433 623 1565 654 amicum
1583 621 1754 664 sustinuit).

211 676 303 717 Quod
327 678 380 719 qui
402 678 500 720 probe
523 678 703 720 perceperit,
729 677 816 710 dabit
837 678 979 718 fortasse,
1004 679 1035 709 in
1061 678 1156 709 verbo
1178 689 1318 709 corruere
1341 684 1501 720 peccatum
1524 690 1592 710 esse
1615 684 1647 710 et
1666 678 1755 711 Cice-

211 745 316 765 ronem
347 735 511 776 scripsisse
537 734 684 776 hodieque
711 736 838 766 sustinet
862 745 917 766 nec
942 735 1073 766 amicum
1099 735 1279 776 prudentem
1306 745 1412 766 ruere
1435 736 1566 776 patitur,
1594 735 1755 767 librarium

211 795 313 821 autem
338 790 398 821 levi
423 791 536 822 mentis
560 801 663 822 errore
678 801 733 832 pro
748 802 836 822 ruere
853 791 979 822 verbum
996 791 1078 832 quod
1094 796 1166 822 ante
1182 796 1329 832 posuerat
1343 802 1484 822 corruere
1499 792 1638 823 iterasse.
1672 791 1755 823 Illud

213 847 341 878 verbum
365 857 427 888 qua
448 847 480 878 vi
503 852 637 888 ponatur
664 847 809 888 exempla
830 846 955 886 docent,
980 858 1075 878 unum
1099 845 1261 879 Ciceronis
1285 847 1323 878 de
1346 847 1397 878 off.
1419 848 1452 886 3,
1477 848 1530 887 13,
1551 848 1594 878 54
1616 849 1693 889 quid
1714 855 1757 879 eet

212 903 291 934 enim
314 903 402 935 aliud
422 904 541 935 manti
560 904 643 934 viam
664 914 727 934 non
747 908 928 943 monstrare,
952 904 981 934 ei
1001 903 1057 934 hoc
1078 914 1140 935 non
1161 909 1214 943 eet,
1238 909 1402 946 emptorem
1419 905 1506 945 pati
1526 914 1631 935 ruere
1652 910 1681 935 et
1698 915 1757 946 per

211 969 344 990 errorem
364 960 398 990 in
422 961 588 991 maximam
600 960 752 1000 fraudem
773 961 937 999 incurrere,
962 960 1093 990 alterum
1116 959 1255 991 Terentii
1278 959 1473 991 Hautontim.
1494 960 1528 999 2,
1549 960 1583 999 3,
1606 960 1668 991 128
1689 961 1759 991 vide

211 1015 254 1045 oie
275 1025 314 1046 ne
336 1016 413 1056 quid
432 1016 646 1057 imprudens
668 1026 772 1052 ruae5
794 1026 874 1056 quae
897 1020 960 1046 tam
983 1015 1044 1046 hoc
1066 1015 1235 1046 ostendunt
1250 1013 1432 1046 Ciceronem
1456 1020 1540 1046 recte
1562 1020 1594 1046 et
1615 1015 1655 1046 ad
1678 1015 1759 1047 hanc

212 1071 397 1102 sententiam
422 1072 564 1113 apposite
587 1071 689 1103 dicere
719 1073 856 1113 potuisse
878 1083 933 1104 nec
954 1073 1086 1103 amicum
1107 1083 1196 1104 ruere
1219 1073 1350 1114 patitur,
1376 1082 1471 1113 ,quam
1503 1083 1558 1103 eur
1578 1072 1759 1113 prudentem

212 1127 306 1158 adiici
328 1127 470 1168 voluerit,
494 1128 576 1169 quod
600 1128 659 1159 sibi
683 1139 774 1169 porro
797 1129 929 1160 amicum
943 1128 1016 1160 addi
1033 1129 1196 1169 poscebat:
1221 1128 1301 1159 hanc
1317 1128 1399 1159 enim
1415 1138 1483 1159 esse
1499 1127 1686 1159 sententiam
1703 1139 1757 1169 pu-

213 1188 314 1214 tamus
336 1183 483 1225 hodieque
504 1185 631 1215 euetinet
646 1195 701 1215 nec
715 1186 847 1216 amicum
861 1190 964 1226 utpote
976 1185 1156 1226 prudentem
1170 1195 1259 1215 ruere
1268 1185 1401 1226 patitur,
1425 1194 1513 1224 quem
1531 1183 1623 1215 semel
1636 1184 1758 1225 lapeum

212 1240 420 1281 imprudentia
442 1241 587 1271 sustinuit
607 1251 661 1271 nec
683 1251 824 1272 corruere
845 1242 930 1280 εἰνὰς
959 1246 990 1271 et
1012 1245 1141 1282 apparet
1169 1246 1231 1272 tam
1255 1245 1327 1282 apte
1347 1241 1528 1282 prudentem
1554 1250 1642 1271 ruere
1664 1251 1757 1281 quam

214 1295 360 1327 labentem
382 1306 523 1327 corruere
543 1296 625 1327 inter
647 1307 681 1327 se
703 1297 849 1338 componi
872 1302 903 1328 et
924 1296 1049 1338 opponi.

368 1350 430 1382 Sed
455 1356 568 1391 tamen,
592 1362 781 1392 quamquam
804 1352 884 1383 hanc
907 1363 926 1383 a
948 1352 1038 1383 nobis
1061 1352 1124 1382 leni
1148 1363 1240 1382 manu
1263 1352 1402 1382 refictam
1425 1351 1595 1382 orationem
1619 1351 1704 1381 omni
1720 1361 1759 1381 ex

214 1412 303 1449 parte
326 1411 357 1438 et
379 1405 563 1439 Ciceronem
587 1407 695 1438 decere
718 1412 749 1438 et
770 1407 802 1438 in
827 1407 918 1439 huius
942 1407 1001 1439 loci
1019 1408 1204 1439 sententiam
1221 1406 1373 1449 quadrare
1389 1407 1586 1447 arbitramur,
1603 1406 1641 1438 de
1657 1417 1759 1438 emen-

215 1463 287 1494 dato
311 1464 406 1494 verbo
429 1463 505 1494 nihil
529 1463 677 1494 fidentius
700 1463 900 1503 affirmamus,
924 1463 1001 1495 illud
1024 1464 1134 1495 fortius
1157 1474 1336 1495 asseverare
1359 1463 1518 1503 audemus,
1546 1462 1618 1494 falsi
1641 1462 1759 1493 addita-

215 1519 311 1550 menti
335 1518 411 1550 nihil
435 1519 466 1550 in
491 1519 549 1550 hac
572 1524 659 1560 parte
681 1520 818 1560 agnosci,
843 1519 897 1551 sed
921 1520 948 1551 si
972 1526 1131 1561 peccatum
1155 1520 1196 1551 sit
1219 1524 1379 1561 peccatum
1402 1530 1471 1551 esse
1487 1529 1599 1550 errore.

370 1631 476 1663 Tertio
499 1632 567 1663 loco
590 1632 739 1663 orationis
762 1631 950 1663 Pisonianae
973 1643 1081 1663 vocem
1105 1643 1198 1663 unam
1221 1632 1383 1663 restituere
1406 1632 1597 1672 conabimur,
1626 1642 1719 1673 quam
1742 1643 1761 1663 a

216 1688 354 1727 nemine,
383 1687 464 1729 quod
487 1688 632 1727 sciamus,
661 1692 743 1719 recte
771 1687 966 1719 emendatam
995 1688 1134 1730 plerique
1161 1698 1268 1719 omnes
1291 1688 1323 1719 in
1348 1688 1445 1730 spurii
1469 1687 1676 1729 suspicionem
1699 1692 1760 1719 tra-

216 1744 326 1775 hentes
349 1744 452 1775 delere
474 1744 650 1775 maluerunt
672 1754 751 1785 quae
774 1744 927 1784 corrigere
950 1755 1011 1775 non
1035 1748 1187 1785 poterant.
1223 1743 1498 1785 Comparationem
1521 1743 1654 1775 dicimus
1674 1755 1693 1775 a
1708 1742 1760 1775 Ci-

217 1810 329 1831 cerone
357 1800 438 1830 inter
461 1798 630 1831 Catilinam
658 1799 897 1840 coniuratosque
922 1804 953 1830 et
974 1800 1057 1831 inter
1078 1799 1223 1831 Pisonem
1248 1799 1480 1841 Gabiniumque
1504 1799 1647 1831 consules
1671 1799 1759 1830 insti-

216 1861 315 1888 tutam
338 1867 365 1888 c.
382 1856 411 1896 7,
431 1857 479 1888 15.

476 1911 561 1950 Quid
581 1913 660 1942 enim
682 1912 822 1952 interfuit
842 1913 923 1943 inter
944 1911 1110 1943 Catilinam
1132 1917 1161 1942 et
1181 1922 1259 1947 eum,
1283 1912 1334 1941 cui
1355 1917 1387 1941 tu
1401 1916 1524 1941 senatus
1538 1912 1757 1949 auctoritatern,

474 1968 601 2000 salutem
622 1969 763 2009 civitatis,
787 1974 881 2001 totam
894 1979 958 2000 rem
970 1968 1124 2011 publicam
1137 1969 1318 2010 provinciae
1329 1969 1469 2010 praemio
1485 1967 1667 1999 vendidisti!
1681 1978 1760 2009 quae

475 2027 555 2057 enim
581 2025 619 2056 L.
640 2024 804 2057 Catilinam
830 2031 985 2057 conantem
1011 2025 1118 2056 consul
1134 2024 1291 2066 prohibui,
1320 2035 1355 2055 ea
1377 2024 1416 2055 P.
1435 2024 1573 2055 Clodium
1593 2023 1759 2063 facientem

475 2082 611 2113 camales
633 2082 823 2113 adiuverunt.
847 2081 942 2113 voluit
963 2081 1015 2112 ille
1037 2086 1172 2112 senatum
1195 2080 1375 2120 interficere.-
1402 2089 1454 2110 voe
1476 2079 1655 2117 sumdiotis‚·
1682 2079 1760 2121 leqee

425 2149 439 2172 5
474 2139 648 2170 incendere:
674 2149 728 2169 voe
754 2137 939 2179 abroqaetie:
965 2138 1121 2169 interire
1144 2138 1323 2178 patriam,
1351 2147 1412 2167 voe
1438 2136 1648 2167 adiuvistie.
1683 2137 1760 2177 quid

475 2201 519 2226 eet
539 2195 624 2226 vobio
640 2195 813 2226 consulibua
825 2200 942 2236 yeetum
956 2195 1021 2225 eine
1035 2193 1148 2224 armis?
1169 2193 1327 2224 incendere
1341 2193 1397 2223 illa
1408 2193 1638 2223 coniuratorum
1650 2203 1760 2223 manue

474 2251 572 2283 voluit
593 2251 710 2282 urbem:
733 2262 787 2282 voe
809 2252 873 2282 eiua
895 2251 1017 2282 domum
1040 2260 1128 2291 quem
1146 2255 1276 2291 propter
1297 2250 1368 2280 urbe
1389 2250 1513 2280 incensa
1536 2260 1598 2281 non
1620 2255 1672 2280 eet.

218 2306 267 2338 De
283 2318 345 2348 qua
360 2312 446 2348 parte
462 2307 583 2338 erudita
598 2312 647 2339 est
661 2307 821 2339 adnotatio
832 2306 986 2348 Madvigii
1000 2307 1031 2338 in
1049 2306 1229 2337 Turicensis
1241 2305 1388 2337 editionis
1400 2306 1558 2337 volumine
1570 2315 1594 2337 11
1618 2317 1646 2347 p.
1662 2306 1758 2337 1453:

218 2362 251 2393 in
267 2373 329 2404 qua
347 2363 482 2404 primum
497 2364 631 2403 interire,
653 2363 734 2404 quod
752 2363 911 2394 codicibus
928 2362 1066 2402 debetur,
1090 2372 1219 2403 pravum
1235 2372 1303 2392 esse.
1320 2361 1418 2401 docet,
1442 2372 1512 2393 cum
1529 2362 1650 2393 activae
1664 2362 1760 2402 signi-

218 2419 373 2451 ficationis
397 2420 584 2452 infinitivum
604 2420 777 2461 exspectari
794 2419 885 2459 dicat,
910 2430 967 2450 nec
982 2423 1085 2450 tamen
1101 2419 1280 2458 interimere,
1306 2417 1386 2459 quod
1404 2418 1477 2449 olim
1494 2418 1686 2460 propositum
1704 2424 1761 2458 est,

1521 2475 1539 2502 2
