<?xml version="1.0" encoding="UTF-8"?>
<!DOCTYPE html PUBLIC "-//W3C//DTD XHTML 1.0 Transitional//EN"
    "http://www.w3.org/TR/xhtml1/DTD/xhtml1-transitional.dtd">
<html xmlns="http://www.w3.org/1999/xhtml" xml:lang="en" lang="en">
 <head>
  <title>
</title>
<meta http-equiv="Content-Type" content="text/html;charset=utf-8" />
  <meta name='ocr-system' content='tesseract 3.04.00' />
  <meta name='ocr-capabilities' content='ocr_page ocr_carea ocr_par ocr_line ocrx_word'/>
</head>
<body>
  <div class='ocr_page' id='page_1' title='image "4765502_0027.png"; bbox 0 0 2182 2740; ppageno 0'>
   <div class='ocr_carea' id='block_1_1' title="bbox 993 150 1033 181">
    <p class='ocr_par' dir='ltr' id='par_1_1' title="bbox 993 150 1033 181">
     <span class='ocr_line' id='line_1_1' title="bbox 993 150 1033 181; baseline 0 0"><span class='ocrx_word' id='word_1_1' title='bbox 993 150 1033 181; x_wconf 83' lang='grc'><strong>17</strong></span> 
     </span>
    </p>
   </div>
   <div class='ocr_carea' id='block_1_2' title="bbox 237 234 1785 2459">
    <p class='ocr_par' dir='ltr' id='par_1_2' title="bbox 240 234 1785 1003">
     <span class='ocr_line' id='line_1_2' title="bbox 242 234 1783 273; baseline 0.001 -8"><span class='ocrx_word' id='word_1_2' title='bbox 242 234 303 266; x_wconf 87' lang='lat' dir='ltr'><strong>fide</strong></span> <span class='ocrx_word' id='word_1_3' title='bbox 325 234 475 266; x_wconf 91' lang='lat' dir='ltr'><strong>librorum</strong></span> <span class='ocrx_word' id='word_1_4' title='bbox 499 240 646 266; x_wconf 85' lang='lat' dir='ltr'><strong>certatur:</strong></span> <span class='ocrx_word' id='word_1_5' title='bbox 675 234 736 266; x_wconf 89' lang='lat' dir='ltr'><strong>duo</strong></span> <span class='ocrx_word' id='word_1_6' title='bbox 764 235 836 266; x_wconf 89' lang='lat' dir='ltr'><strong>boni</strong></span> <span class='ocrx_word' id='word_1_7' title='bbox 864 234 987 267; x_wconf 85' lang='lat' dir='ltr'><strong>codices</strong></span> <span class='ocrx_word' id='word_1_8' title='bbox 1010 246 1081 267; x_wconf 84' lang='lat' dir='ltr'><strong>cum</strong></span> <span class='ocrx_word' id='word_1_9' title='bbox 1104 235 1175 266; x_wconf 80' lang='lat' dir='ltr'><strong>aliis</strong></span> <span class='ocrx_word' id='word_1_10' title='bbox 1198 235 1404 266; x_wconf 88' lang='lat' dir='ltr'><strong>deterioribus</strong></span> <span class='ocrx_word' id='word_1_11' title='bbox 1426 235 1575 266; x_wconf 85' lang='lat' dir='ltr'><strong>omittunt</strong></span> <span class='ocrx_word' id='word_1_12' title='bbox 1596 235 1658 266; x_wconf 83' lang='lat' dir='ltr'><strong>ista</strong></span> <span class='ocrx_word' id='word_1_13' title='bbox 1681 235 1783 273; x_wconf 81' lang='lat' dir='ltr'><strong>verba,</strong></span> 
     </span>
     <span class='ocr_line' id='line_1_3' title="bbox 242 291 1783 333; baseline 0 -11"><span class='ocrx_word' id='word_1_14' title='bbox 242 301 322 333; x_wconf 85' lang='lat' dir='ltr'><strong>quae</strong></span> <span class='ocrx_word' id='word_1_15' title='bbox 344 291 390 322; x_wconf 86' lang='lat' dir='ltr'><strong>illi</strong></span> <span class='ocrx_word' id='word_1_16' title='bbox 413 291 579 323; x_wconf 83' lang='lat' dir='ltr'><strong>secludunt</strong></span> <span class='ocrx_word' id='word_1_17' title='bbox 600 297 655 323; x_wconf 89' lang='lat' dir='ltr'><strong>aut</strong></span> <span class='ocrx_word' id='word_1_18' title='bbox 676 291 815 323; x_wconf 86' lang='lat' dir='ltr'><strong>eiiciunt.</strong></span> <span class='ocrx_word' id='word_1_19' title='bbox 848 291 885 323; x_wconf 92' lang='lat' dir='ltr'><strong>In</strong></span> <span class='ocrx_word' id='word_1_20' title='bbox 909 302 972 333; x_wconf 92' lang='lat' dir='ltr'><strong>qua</strong></span> <span class='ocrx_word' id='word_1_21' title='bbox 989 303 1024 323; x_wconf 89' lang='lat' dir='ltr'><strong>re</strong></span> <span class='ocrx_word' id='word_1_22' title='bbox 1039 303 1078 323; x_wconf 94' lang='lat' dir='ltr'><strong>ne</strong></span> <span class='ocrx_word' id='word_1_23' title='bbox 1101 292 1196 325; x_wconf 87' lang='lat' dir='ltr'><strong>nimis</strong></span> <span class='ocrx_word' id='word_1_24' title='bbox 1218 303 1277 324; x_wconf 88' lang='lat' dir='ltr'><strong>nos</strong></span> <span class='ocrx_word' id='word_1_25' title='bbox 1299 292 1483 324; x_wconf 82' lang='lat' dir='ltr'><strong>auctoritate</strong></span> <span class='ocrx_word' id='word_1_26' title='bbox 1506 291 1603 333; x_wconf 80' lang='lat' dir='ltr'>premi</span> <span class='ocrx_word' id='word_1_27' title='bbox 1619 291 1783 333; x_wconf 86' lang='lat' dir='ltr'><strong>patiamur,</strong></span> 
     </span>
     <span class='ocr_line' id='line_1_4' title="bbox 241 346 1784 389; baseline 0.001 -12"><span class='ocrx_word' id='word_1_28' title='bbox 241 346 504 378; x_wconf 87' lang='lat' dir='ltr'><strong>reminiscendum</strong></span> <span class='ocrx_word' id='word_1_29' title='bbox 527 351 576 378; x_wconf 87' lang='lat' dir='ltr'><strong>est</strong></span> <span class='ocrx_word' id='word_1_30' title='bbox 598 346 671 388; x_wconf 86' lang='lat' dir='ltr'><strong>quid</strong></span> <span class='ocrx_word' id='word_1_31' title='bbox 696 347 780 378; x_wconf 90' lang='lat' dir='ltr'><strong>docti</strong></span> <span class='ocrx_word' id='word_1_32' title='bbox 802 347 936 379; x_wconf 79' lang='lat' dir='ltr'>editores</span> <span class='ocrx_word' id='word_1_33' title='bbox 960 348 997 378; x_wconf 90' lang='lat' dir='ltr'><strong>de</strong></span> <span class='ocrx_word' id='word_1_34' title='bbox 1020 348 1129 379; x_wconf 89' lang='lat' dir='ltr'><strong>horum</strong></span> <span class='ocrx_word' id='word_1_35' title='bbox 1157 348 1299 380; x_wconf 87' lang='lat' dir='ltr'><strong>codicum</strong></span> <span class='ocrx_word' id='word_1_36' title='bbox 1326 349 1479 389; x_wconf 79' lang='lat' dir='ltr'><strong>dignitate</strong></span> <span class='ocrx_word' id='word_1_37' title='bbox 1501 358 1539 379; x_wconf 87' lang='lat' dir='ltr'><strong>ac</strong></span> <span class='ocrx_word' id='word_1_38' title='bbox 1561 348 1676 379; x_wconf 81' lang='lat' dir='ltr'><strong>virtute</strong></span> <span class='ocrx_word' id='word_1_39' title='bbox 1698 359 1784 389; x_wconf 87' lang='lat' dir='ltr'><strong>prac-</strong></span> 
     </span>
     <span class='ocr_line' id='line_1_5' title="bbox 242 402 1785 444; baseline 0 -10"><span class='ocrx_word' id='word_1_40' title='bbox 242 402 360 443; x_wconf 76' lang='lat' dir='ltr'><strong>dicent3</strong></span> <span class='ocrx_word' id='word_1_41' title='bbox 383 403 438 444; x_wconf 90' lang='lat' dir='ltr'><strong>qui</strong></span> <span class='ocrx_word' id='word_1_42' title='bbox 458 402 535 434; x_wconf 88' lang='lat' dir='ltr'><strong>duos</strong></span> <span class='ocrx_word' id='word_1_43' title='bbox 551 402 621 434; x_wconf 89' lang='lat' dir='ltr'><strong>illos</strong></span> <span class='ocrx_word' id='word_1_44' title='bbox 638 402 744 443; x_wconf 86' lang='lat' dir='ltr'><strong>libros,</strong></span> <span class='ocrx_word' id='word_1_45' title='bbox 766 402 1030 444; x_wconf 80' lang='lat' dir='ltr'><strong>Tegernseensem</strong></span> <span class='ocrx_word' id='word_1_46' title='bbox 1046 403 1178 436; x_wconf 82' lang='lat' dir='ltr'><strong>dicimus</strong></span> <span class='ocrx_word' id='word_1_47' title='bbox 1194 410 1225 436; x_wconf 84' lang='lat' dir='ltr'><strong>et</strong></span> <span class='ocrx_word' id='word_1_48' title='bbox 1240 404 1463 444; x_wconf 80' lang='lat' dir='ltr'><strong>Erfurtensem‚</strong></span> <span class='ocrx_word' id='word_1_49' title='bbox 1488 404 1546 436; x_wconf 84' lang='lat' dir='ltr'><strong>etsi</strong></span> <span class='ocrx_word' id='word_1_50' title='bbox 1564 403 1677 435; x_wconf 86' lang='lat' dir='ltr'><strong>ceteris</strong></span> <span class='ocrx_word' id='word_1_51' title='bbox 1692 403 1785 444; x_wconf 85' lang='lat' dir='ltr'><strong>longe</strong></span> 
     </span>
     <span class='ocr_line' id='line_1_6' title="bbox 241 458 1782 501; baseline 0 -11"><span class='ocrx_word' id='word_1_52' title='bbox 241 464 399 500; x_wconf 85' lang='lat' dir='ltr'><strong>praestare</strong></span> <span class='ocrx_word' id='word_1_53' title='bbox 426 458 595 498; x_wconf 83' lang='lat' dir='ltr'><strong>affirmant,</strong></span> <span class='ocrx_word' id='word_1_54' title='bbox 627 469 690 490; x_wconf 90' lang='lat' dir='ltr'><strong>non</strong></span> <span class='ocrx_word' id='word_1_55' title='bbox 722 465 826 490; x_wconf 86' lang='lat' dir='ltr'><strong>tamen</strong></span> <span class='ocrx_word' id='word_1_56' title='bbox 858 459 978 490; x_wconf 88' lang='lat' dir='ltr'><strong>consuli</strong></span> <span class='ocrx_word' id='word_1_57' title='bbox 1005 459 1090 491; x_wconf 88' lang='lat' dir='ltr'><strong>solos</strong></span> <span class='ocrx_word' id='word_1_58' title='bbox 1117 460 1226 491; x_wconf 85' lang='lat' dir='ltr'><strong>volunt</strong></span> <span class='ocrx_word' id='word_1_59' title='bbox 1256 461 1397 501; x_wconf 85' lang='lat' dir='ltr'><strong>neglecta</strong></span> <span class='ocrx_word' id='word_1_60' title='bbox 1423 466 1594 492; x_wconf 86' lang='lat' dir='ltr'><strong>ceterorum</strong></span> <span class='ocrx_word' id='word_1_61' title='bbox 1624 460 1782 499; x_wconf 89' lang='lat' dir='ltr'><strong>memoria,</strong></span> 
     </span>
     <span class='ocr_line' id='line_1_7' title="bbox 242 513 1783 557; baseline 0.001 -12"><span class='ocrx_word' id='word_1_62' title='bbox 242 518 274 545; x_wconf 89' lang='lat' dir='ltr'><strong>et</strong></span> <span class='ocrx_word' id='word_1_63' title='bbox 301 513 431 545; x_wconf 84' lang='lat' dir='ltr'><strong>alterum</strong></span> <span class='ocrx_word' id='word_1_64' title='bbox 460 524 565 545; x_wconf 93' lang='lat' dir='ltr'><strong>eorum</strong></span> <span class='ocrx_word' id='word_1_65' title='bbox 593 514 691 545; x_wconf 88' lang='lat' dir='ltr'><strong>multa</strong></span> <span class='ocrx_word' id='word_1_66' title='bbox 717 514 964 555; x_wconf 77' lang='lat' dir='ltr'><strong>praetermittere</strong></span> <span class='ocrx_word' id='word_1_67' title='bbox 991 515 1189 554; x_wconf 83' lang='lat' dir='ltr'><strong>confitentur,</strong></span> <span class='ocrx_word' id='word_1_68' title='bbox 1218 525 1297 556; x_wconf 86' lang='lat' dir='ltr'><strong>quae</strong></span> <span class='ocrx_word' id='word_1_69' title='bbox 1324 516 1377 546; x_wconf 89' lang='lat' dir='ltr'><strong>alii</strong></span> <span class='ocrx_word' id='word_1_70' title='bbox 1404 516 1476 547; x_wconf 85' lang='lat' dir='ltr'><strong>libri</strong></span> <span class='ocrx_word' id='word_1_71' title='bbox 1503 515 1621 547; x_wconf 84' lang='lat' dir='ltr'><strong>habent</strong></span> <span class='ocrx_word' id='word_1_72' title='bbox 1647 520 1678 546; x_wconf 90' lang='lat' dir='ltr'><strong>et</strong></span> <span class='ocrx_word' id='word_1_73' title='bbox 1704 525 1783 557; x_wconf 71' lang='lat' dir='ltr'><strong>quae</strong></span> 
     </span>
     <span class='ocr_line' id='line_1_8' title="bbox 241 567 1784 613; baseline 0 -11"><span class='ocrx_word' id='word_1_74' title='bbox 241 570 352 602; x_wconf 83' lang='lat' dir='ltr'><strong>abesse</strong></span> <span class='ocrx_word' id='word_1_75' title='bbox 380 581 440 601; x_wconf 93' lang='lat' dir='ltr'><strong>non</strong></span> <span class='ocrx_word' id='word_1_76' title='bbox 465 575 603 611; x_wconf 83' lang='lat' dir='ltr'><strong>possunt.</strong></span> <span class='ocrx_word' id='word_1_77' title='bbox 638 567 692 601; x_wconf 80' lang='lat' dir='ltr'><strong>Sic</strong></span> <span class='ocrx_word' id='word_1_78' title='bbox 713 570 776 601; x_wconf 80' lang='lat' dir='ltr'><strong>fere</strong></span> <span class='ocrx_word' id='word_1_79' title='bbox 799 569 968 601; x_wconf 80' lang='lat' dir='ltr'>Muellerus</span> <span class='ocrx_word' id='word_1_80' title='bbox 991 570 1142 602; x_wconf 85' lang='lat' dir='ltr'><strong>iudicavit</strong></span> <span class='ocrx_word' id='word_1_81' title='bbox 1163 571 1194 602; x_wconf 91' lang='lat' dir='ltr'><strong>in</strong></span> <span class='ocrx_word' id='word_1_82' title='bbox 1220 571 1408 611; x_wconf 74' lang='lat' dir='ltr'><strong>praefatione</strong></span> <span class='ocrx_word' id='word_1_83' title='bbox 1435 582 1464 613; x_wconf 87' lang='lat' dir='ltr'><strong>p.</strong></span> <span class='ocrx_word' id='word_1_84' title='bbox 1485 581 1560 604; x_wconf 80' lang='lat' dir='ltr'><strong>va.</strong></span> <span class='ocrx_word' id='word_1_85' title='bbox 1595 571 1706 613; x_wconf 85' lang='lat' dir='ltr'><strong>Itaque</strong></span> <span class='ocrx_word' id='word_1_86' title='bbox 1729 571 1784 603; x_wconf 90' lang='lat' dir='ltr'><strong>illa</strong></span> 
     </span>
     <span class='ocr_line' id='line_1_9' title="bbox 241 625 1782 668; baseline 0.002 -12"><span class='ocrx_word' id='word_1_87' title='bbox 241 626 338 657; x_wconf 84' lang='lat' dir='ltr'><strong>verba</strong></span> <span class='ocrx_word' id='word_1_88' title='bbox 359 626 440 667; x_wconf 87' lang='lat' dir='ltr'><strong>quod</strong></span> <span class='ocrx_word' id='word_1_89' title='bbox 464 626 495 656; x_wconf 92' lang='lat' dir='ltr'><strong>in</strong></span> <span class='ocrx_word' id='word_1_90' title='bbox 522 626 610 656; x_wconf 83' lang='lat' dir='ltr'><strong>bonis</strong></span> <span class='ocrx_word' id='word_1_91' title='bbox 633 625 792 657; x_wconf 81' lang='lat' dir='ltr'><strong>codicibus</strong></span> <span class='ocrx_word' id='word_1_92' title='bbox 816 626 940 665; x_wconf 80' lang='lat' dir='ltr'><strong>desunt,</strong></span> <span class='ocrx_word' id='word_1_93' title='bbox 970 626 1107 657; x_wconf 87' lang='lat' dir='ltr'><strong>nondum</strong></span> <span class='ocrx_word' id='word_1_94' title='bbox 1131 626 1278 657; x_wconf 76' lang='lat' dir='ltr'><strong>damnata</strong></span> <span class='ocrx_word' id='word_1_95' title='bbox 1300 632 1381 666; x_wconf 84' lang='lat' dir='ltr'><strong>sunt,</strong></span> <span class='ocrx_word' id='word_1_96' title='bbox 1405 638 1441 657; x_wconf 90' lang='lat' dir='ltr'><strong>eo</strong></span> <span class='ocrx_word' id='word_1_97' title='bbox 1467 628 1570 658; x_wconf 86' lang='lat' dir='ltr'><strong>minus</strong></span> <span class='ocrx_word' id='word_1_98' title='bbox 1593 638 1654 668; x_wconf 90' lang='lat' dir='ltr'><strong>quo</strong></span> <span class='ocrx_word' id='word_1_99' title='bbox 1682 627 1782 667; x_wconf 76' lang='lat' dir='ltr'><strong>magis</strong></span> 
     </span>
     <span class='ocr_line' id='line_1_10' title="bbox 240 681 1783 723; baseline 0.001 -10"><span class='ocrx_word' id='word_1_100' title='bbox 240 681 437 723; x_wconf 85' lang='lat' dir='ltr'><strong>perspicuum</strong></span> <span class='ocrx_word' id='word_1_101' title='bbox 465 686 514 713; x_wconf 90' lang='lat' dir='ltr'><strong>est</strong></span> <span class='ocrx_word' id='word_1_102' title='bbox 539 692 633 723; x_wconf 85' lang='lat' dir='ltr'><strong>quam</strong></span> <span class='ocrx_word' id='word_1_103' title='bbox 661 681 752 713; x_wconf 83' lang='lat' dir='ltr'><strong>facile</strong></span> <span class='ocrx_word' id='word_1_104' title='bbox 781 686 909 723; x_wconf 86' lang='lat' dir='ltr'><strong>propter</strong></span> <span class='ocrx_word' id='word_1_105' title='bbox 935 692 1096 723; x_wconf 85' lang='lat' dir='ltr'><strong>compares</strong></span> <span class='ocrx_word' id='word_1_106' title='bbox 1119 692 1217 723; x_wconf 87' lang='lat' dir='ltr'><strong>paene</strong></span> <span class='ocrx_word' id='word_1_107' title='bbox 1240 681 1327 712; x_wconf 87' lang='lat' dir='ltr'><strong>verbi</strong></span> <span class='ocrx_word' id='word_1_108' title='bbox 1351 681 1466 713; x_wconf 82' lang='lat' dir='ltr'><strong>formas</strong></span> <span class='ocrx_word' id='word_1_109' title='bbox 1487 682 1783 714; x_wconf 77' lang='lat' dir='ltr'><strong>viderem-videbam</strong></span> 
     </span>
     <span class='ocr_line' id='line_1_11' title="bbox 241 737 1780 779; baseline 0.001 -11"><span class='ocrx_word' id='word_1_110' title='bbox 241 737 353 778; x_wconf 86' lang='lat' dir='ltr'><strong>exiguo</strong></span> <span class='ocrx_word' id='word_1_111' title='bbox 375 737 539 768; x_wconf 87' lang='lat' dir='ltr'><strong>intervallo</strong></span> <span class='ocrx_word' id='word_1_112' title='bbox 563 738 709 778; x_wconf 87' lang='lat' dir='ltr'><strong>repetitas</strong></span> <span class='ocrx_word' id='word_1_113' title='bbox 732 737 851 769; x_wconf 82' lang='lat' dir='ltr'><strong>librarii</strong></span> <span class='ocrx_word' id='word_1_114' title='bbox 875 737 996 768; x_wconf 85' lang='lat' dir='ltr'><strong>incuria</strong></span> <span class='ocrx_word' id='word_1_115' title='bbox 1018 737 1121 768; x_wconf 89' lang='lat' dir='ltr'><strong>media</strong></span> <span class='ocrx_word' id='word_1_116' title='bbox 1143 738 1286 778; x_wconf 84' lang='lat' dir='ltr'><strong>quamvis</strong></span> <span class='ocrx_word' id='word_1_117' title='bbox 1308 742 1390 768; x_wconf 88' lang='lat' dir='ltr'><strong>recte</strong></span> <span class='ocrx_word' id='word_1_118' title='bbox 1410 738 1526 778; x_wconf 87' lang='lat' dir='ltr'><strong>scripta</strong></span> <span class='ocrx_word' id='word_1_119' title='bbox 1547 739 1706 778; x_wconf 86' lang='lat' dir='ltr'><strong>praeteriri</strong></span> <span class='ocrx_word' id='word_1_120' title='bbox 1730 750 1780 779; x_wconf 90' lang='lat' dir='ltr'><strong>po·</strong></span> 
     </span>
     <span class='ocr_line' id='line_1_12' title="bbox 241 792 1781 835; baseline 0 -10"><span class='ocrx_word' id='word_1_121' title='bbox 241 793 370 834; x_wconf 86' lang='lat' dir='ltr'><strong>tuerint,</strong></span> <span class='ocrx_word' id='word_1_122' title='bbox 394 793 449 825; x_wconf 90' lang='lat' dir='ltr'><strong>sed</strong></span> <span class='ocrx_word' id='word_1_123' title='bbox 473 793 547 835; x_wconf 87' lang='lat' dir='ltr'><strong>quid</strong></span> <span class='ocrx_word' id='word_1_124' title='bbox 573 793 696 825; x_wconf 85' lang='lat' dir='ltr'><strong>valeant</strong></span> <span class='ocrx_word' id='word_1_125' title='bbox 716 793 750 824; x_wconf 86' lang='lat' dir='ltr'><strong>in</strong></span> <span class='ocrx_word' id='word_1_126' title='bbox 773 793 997 824; x_wconf 87' lang='lat' dir='ltr'><strong>sententiarum</strong></span> <span class='ocrx_word' id='word_1_127' title='bbox 1015 793 1124 824; x_wconf 88' lang='lat' dir='ltr'><strong>itinere</strong></span> <span class='ocrx_word' id='word_1_128' title='bbox 1139 792 1350 833; x_wconf 85' lang='lat' dir='ltr'><strong>indagandum</strong></span> <span class='ocrx_word' id='word_1_129' title='bbox 1366 798 1423 824; x_wconf 85' lang='lat' dir='ltr'><strong>est.</strong></span> <span class='ocrx_word' id='word_1_130' title='bbox 1455 794 1551 835; x_wconf 85' lang='lat' dir='ltr'><strong>Atqui</strong></span> <span class='ocrx_word' id='word_1_131' title='bbox 1567 804 1620 825; x_wconf 89' lang='lat' dir='ltr'><strong>eos</strong></span> <span class='ocrx_word' id='word_1_132' title='bbox 1635 794 1688 835; x_wconf 89' lang='lat' dir='ltr'><strong>qui</strong></span> <span class='ocrx_word' id='word_1_133' title='bbox 1705 794 1781 825; x_wconf 82' lang='lat' dir='ltr'><strong>haec</strong></span> 
     </span>
     <span class='ocr_line' id='line_1_13' title="bbox 241 849 1781 890; baseline 0 -9"><span class='ocrx_word' id='word_1_134' title='bbox 241 850 337 882; x_wconf 84' lang='lat' dir='ltr'><strong>verba</strong></span> <span class='ocrx_word' id='word_1_135' title='bbox 357 849 432 881; x_wconf 88' lang='lat' dir='ltr'><strong>licet</strong></span> <span class='ocrx_word' id='word_1_136' title='bbox 453 850 601 881; x_wconf 77' lang='lat' dir='ltr'><strong>uncinata</strong></span> <span class='ocrx_word' id='word_1_137' title='bbox 621 850 757 882; x_wconf 83' lang='lat' dir='ltr'><strong>retinent</strong></span> <span class='ocrx_word' id='word_1_138' title='bbox 779 849 983 890; x_wconf 79' lang='lat' dir='ltr'><strong>intelligimus</strong></span> <span class='ocrx_word' id='word_1_139' title='bbox 1003 849 1070 881; x_wconf 83' lang='lat' dir='ltr'><strong>falli</strong></span> <span class='ocrx_word' id='word_1_140' title='bbox 1085 860 1177 890; x_wconf 90' lang='lat' dir='ltr'><strong>posse</strong></span> <span class='ocrx_word' id='word_1_141' title='bbox 1193 860 1229 880; x_wconf 88' lang='lat' dir='ltr'><strong>eo</strong></span> <span class='ocrx_word' id='word_1_142' title='bbox 1246 860 1348 880; x_wconf 89' lang='lat' dir='ltr'><strong>errore</strong></span> <span class='ocrx_word' id='word_1_143' title='bbox 1363 860 1457 890; x_wconf 90' lang='lat' dir='ltr'><strong>quem</strong></span> <span class='ocrx_word' id='word_1_144' title='bbox 1473 849 1607 881; x_wconf 85' lang='lat' dir='ltr'><strong>diximus</strong></span> <span class='ocrx_word' id='word_1_145' title='bbox 1623 855 1657 881; x_wconf 91' lang='lat' dir='ltr'><strong>ut</strong></span> <span class='ocrx_word' id='word_1_146' title='bbox 1671 850 1781 882; x_wconf 84' lang='lat' dir='ltr'><strong>adesse</strong></span> 
     </span>
     <span class='ocr_line' id='line_1_14' title="bbox 240 905 1781 947; baseline -0.001 -10"><span class='ocrx_word' id='word_1_147' title='bbox 240 911 358 947; x_wconf 88' lang='lat' dir='ltr'><strong>putent,</strong></span> <span class='ocrx_word' id='word_1_148' title='bbox 383 911 488 947; x_wconf 83' lang='lat' dir='ltr'><strong>utpote</strong></span> <span class='ocrx_word' id='word_1_149' title='bbox 511 916 590 947; x_wconf 86' lang='lat' dir='ltr'><strong>quae</strong></span> <span class='ocrx_word' id='word_1_150' title='bbox 614 917 676 937; x_wconf 81' lang='lat' dir='ltr'><strong>una</strong></span> <span class='ocrx_word' id='word_1_151' title='bbox 698 905 850 946; x_wconf 79' lang='lat' dir='ltr'><strong>legantur,</strong></span> <span class='ocrx_word' id='word_1_152' title='bbox 873 916 953 947; x_wconf 88' lang='lat' dir='ltr'><strong>quae</strong></span> <span class='ocrx_word' id='word_1_153' title='bbox 975 906 1035 947; x_wconf 89' lang='lat' dir='ltr'><strong>ipsi</strong></span> <span class='ocrx_word' id='word_1_154' title='bbox 1058 906 1168 937; x_wconf 82' lang='lat' dir='ltr'><strong>abesse</strong></span> <span class='ocrx_word' id='word_1_155' title='bbox 1191 906 1357 937; x_wconf 85' lang='lat' dir='ltr'><strong>iusserunt.</strong></span> <span class='ocrx_word' id='word_1_156' title='bbox 1392 905 1438 936; x_wconf 84' lang='lat' dir='ltr'><strong>At</strong></span> <span class='ocrx_word' id='word_1_157' title='bbox 1453 916 1506 937; x_wconf 85' lang='lat' dir='ltr'><strong>eos</strong></span> <span class='ocrx_word' id='word_1_158' title='bbox 1522 906 1574 946; x_wconf 87' lang='lat' dir='ltr'><strong>qui</strong></span> <span class='ocrx_word' id='word_1_159' title='bbox 1590 906 1696 937; x_wconf 88' lang='lat' dir='ltr'><strong>eiectis</strong></span> <span class='ocrx_word' id='word_1_160' title='bbox 1711 906 1781 937; x_wconf 84' lang='lat' dir='ltr'><strong>istis</strong></span> 
     </span>
     <span class='ocr_line' id='line_1_15' title="bbox 242 961 1021 1003; baseline 0 -11"><span class='ocrx_word' id='word_1_161' title='bbox 242 961 343 993; x_wconf 86' lang='lat' dir='ltr'><strong>verbis</strong></span> <span class='ocrx_word' id='word_1_162' title='bbox 368 962 448 992; x_wconf 89' lang='lat' dir='ltr'><strong>hunc</strong></span> <span class='ocrx_word' id='word_1_163' title='bbox 470 961 619 992; x_wconf 88' lang='lat' dir='ltr'><strong>orationis</strong></span> <span class='ocrx_word' id='word_1_164' title='bbox 643 972 766 992; x_wconf 86' lang='lat' dir='ltr'><strong>cursum</strong></span> <span class='ocrx_word' id='word_1_165' title='bbox 790 961 1021 1003; x_wconf 85' lang='lat' dir='ltr'><strong>descripserunt</strong></span> 
     </span>
    </p>

    <p class='ocr_par' dir='ltr' id='par_1_3' title="bbox 496 1017 1784 1060">
     <span class='ocr_line' id='line_1_16' title="bbox 496 1017 1784 1060; baseline 0 -11"><span class='ocrx_word' id='word_1_166' title='bbox 496 1018 581 1049; x_wconf 78' lang='lat' dir='ltr'><strong>vinci</strong></span> <span class='ocrx_word' id='word_1_167' title='bbox 600 1018 755 1060; x_wconf 74' lang='lat' dir='ltr'><strong>improbos</strong></span> <span class='ocrx_word' id='word_1_168' title='bbox 777 1029 798 1049; x_wconf 85' lang='lat' dir='ltr'><strong>a</strong></span> <span class='ocrx_word' id='word_1_169' title='bbox 819 1017 906 1049; x_wconf 64' lang='lat' dir='ltr'><strong>bonis</strong></span> <span class='ocrx_word' id='word_1_170' title='bbox 918 1017 1028 1058; x_wconf 74' lang='lat' dir='ltr'><strong>fateor</strong></span> <span class='ocrx_word' id='word_1_171' title='bbox 1041 1018 1145 1058; x_wconf 69' lang='lat' dir='ltr'><strong>fuine</strong></span> <span class='ocrx_word' id='word_1_172' title='bbox 1165 1018 1371 1059; x_wconf 77' lang='lat' dir='ltr'><strong>praeclarum,</strong></span> <span class='ocrx_word' id='word_1_173' title='bbox 1394 1019 1423 1049; x_wconf 72' lang='lat' dir='ltr'><strong>si</strong></span> <span class='ocrx_word' id='word_1_174' title='bbox 1438 1018 1537 1058; x_wconf 78' lang='lat' dir='ltr'><strong>finem</strong></span> <span class='ocrx_word' id='word_1_175' title='bbox 1558 1025 1622 1050; x_wconf 80' lang='lat' dir='ltr'><strong>tum</strong></span> <span class='ocrx_word' id='word_1_176' title='bbox 1643 1020 1784 1050; x_wconf 76' lang='lat' dir='ltr'><strong>vincendi</strong></span> 
     </span>
    </p>

    <p class='ocr_par' dir='ltr' id='par_1_4' title="bbox 495 1072 1781 1116">
     <span class='ocr_line' id='line_1_17' title="bbox 495 1072 1781 1116; baseline 0.001 -12"><span class='ocrx_word' id='word_1_177' title='bbox 495 1074 636 1105; x_wconf 77' lang='lat' dir='ltr'><strong>viderem.</strong></span> <span class='ocrx_word' id='word_1_178' title='bbox 668 1072 728 1105; x_wconf 78' lang='lat' dir='ltr'><strong>Ubi</strong></span> <span class='ocrx_word' id='word_1_179' title='bbox 740 1075 819 1105; x_wconf 80' lang='lat' dir='ltr'><strong>enim</strong></span> <span class='ocrx_word' id='word_1_180' title='bbox 833 1074 911 1104; x_wconf 72' lang='lat' dir='ltr'><strong>milti</strong></span> <span class='ocrx_word' id='word_1_181' title='bbox 920 1079 1044 1115; x_wconf 69' lang='lat' dir='ltr'><strong>praesto</strong></span> <span class='ocrx_word' id='word_1_182' title='bbox 1050 1074 1190 1114; x_wconf 69' lang='lat' dir='ltr'><strong>fuissent</strong></span> <span class='ocrx_word' id='word_1_183' title='bbox 1204 1080 1268 1105; x_wconf 80' lang='lat' dir='ltr'><strong>tam</strong></span> <span class='ocrx_word' id='word_1_184' title='bbox 1273 1074 1376 1114; x_wconf 70' lang='lat' dir='ltr'><strong>fortes</strong></span> <span class='ocrx_word' id='word_1_185' title='bbox 1391 1074 1528 1105; x_wconf 61' lang='lat' dir='ltr'><strong>con-sulec</strong></span> <span class='ocrx_word' id='word_1_186' title='bbox 1542 1084 1636 1116; x_wconf 81' lang='lat' dir='ltr'><strong>quam</strong></span> <span class='ocrx_word' id='word_1_187' title='bbox 1650 1074 1688 1105; x_wconf 89' lang='lat' dir='ltr'><strong>L.</strong></span> <span class='ocrx_word' id='word_1_188' title='bbox 1706 1074 1781 1116; x_wconf 76' lang='lat' dir='ltr'><strong>opi-</strong></span> 
     </span>
    </p>

    <p class='ocr_par' dir='ltr' id='par_1_5' title="bbox 237 1131 1783 1845">
     <span class='ocr_line' id='line_1_18' title="bbox 495 1131 650 1162; baseline 0.006 -1"><span class='ocrx_word' id='word_1_189' title='bbox 495 1131 575 1162; x_wconf 67' lang='lat' dir='ltr'><strong>mius</strong></span> <span class='ocrx_word' id='word_1_190' title='bbox 592 1134 650 1162; x_wconf 86' lang='lat' dir='ltr'><strong>cet.</strong></span> 
     </span>
     <span class='ocr_line' id='line_1_19' title="bbox 240 1186 1782 1227; baseline 0 -10"><span class='ocrx_word' id='word_1_191' title='bbox 240 1186 388 1218; x_wconf 75' lang='lat' dir='ltr'><strong>miramur</strong></span> <span class='ocrx_word' id='word_1_192' title='bbox 411 1197 474 1217; x_wconf 92' lang='lat' dir='ltr'><strong>non</strong></span> <span class='ocrx_word' id='word_1_193' title='bbox 496 1186 613 1217; x_wconf 87' lang='lat' dir='ltr'><strong>vidisse</strong></span> <span class='ocrx_word' id='word_1_194' title='bbox 635 1197 654 1217; x_wconf 90' lang='lat' dir='ltr'><strong>a</strong></span> <span class='ocrx_word' id='word_1_195' title='bbox 669 1197 703 1217; x_wconf 90' lang='lat' dir='ltr'><strong>se</strong></span> <span class='ocrx_word' id='word_1_196' title='bbox 718 1186 820 1227; x_wconf 88' lang='lat' dir='ltr'><strong>rumpi</strong></span> <span class='ocrx_word' id='word_1_197' title='bbox 843 1186 1066 1217; x_wconf 85' lang='lat' dir='ltr'><strong>sententiarum</strong></span> <span class='ocrx_word' id='word_1_198' title='bbox 1087 1197 1270 1225; x_wconf 87' lang='lat' dir='ltr'><strong>connexum,</strong></span> <span class='ocrx_word' id='word_1_199' title='bbox 1295 1187 1347 1227; x_wconf 92' lang='lat' dir='ltr'><strong>qui</strong></span> <span class='ocrx_word' id='word_1_200' title='bbox 1368 1193 1511 1217; x_wconf 85' lang='lat' dir='ltr'><strong>constare</strong></span> <span class='ocrx_word' id='word_1_201' title='bbox 1527 1197 1588 1217; x_wconf 85' lang='lat' dir='ltr'><strong>non</strong></span> <span class='ocrx_word' id='word_1_202' title='bbox 1605 1192 1707 1227; x_wconf 88' lang='lat' dir='ltr'><strong>potest</strong></span> <span class='ocrx_word' id='word_1_203' title='bbox 1722 1187 1782 1217; x_wconf 88' lang='lat' dir='ltr'><strong>nisi</strong></span> 
     </span>
     <span class='ocr_line' id='line_1_20' title="bbox 239 1241 1782 1290; baseline 0 -17"><span class='ocrx_word' id='word_1_204' title='bbox 239 1242 402 1290; x_wconf 80' lang='lat' dir='ltr'><strong>interiecto</strong></span> <span class='ocrx_word' id='word_1_205' title='bbox 421 1252 458 1273; x_wconf 88' lang='lat' dir='ltr'><strong>eo</strong></span> <span class='ocrx_word' id='word_1_206' title='bbox 474 1241 557 1283; x_wconf 90' lang='lat' dir='ltr'><strong>quod</strong></span> <span class='ocrx_word' id='word_1_207' title='bbox 579 1241 782 1283; x_wconf 72' lang='lat' dir='ltr'><strong>repudiarunt</strong></span> <span class='ocrx_word' id='word_1_208' title='bbox 804 1241 974 1281; x_wconf 88' lang='lat' dir='ltr'><strong>enuntiato,</strong></span> <span class='ocrx_word' id='word_1_209' title='bbox 998 1252 1087 1283; x_wconf 78' lang='lat' dir='ltr'><strong>quem</strong></span> <span class='ocrx_word' id='word_1_210' title='bbox 1103 1241 1241 1283; x_wconf 73' lang='lat' dir='ltr'><strong>profecto</strong></span> <span class='ocrx_word' id='word_1_211' title='bbox 1256 1252 1319 1273; x_wconf 77' lang='lat' dir='ltr'><strong>non</strong></span> <span class='ocrx_word' id='word_1_212' title='bbox 1337 1241 1486 1273; x_wconf 75' lang='lat' dir='ltr'><strong>videbam.</strong></span> <span class='ocrx_word' id='word_1_213' title='bbox 1520 1242 1600 1273; x_wconf 87' lang='lat' dir='ltr'><strong>Nam</strong></span> <span class='ocrx_word' id='word_1_214' title='bbox 1616 1253 1696 1283; x_wconf 88' lang='lat' dir='ltr'><strong>quae</strong></span> <span class='ocrx_word' id='word_1_215' title='bbox 1711 1253 1782 1274; x_wconf 92' lang='lat' dir='ltr'><strong>con-</strong></span> 
     </span>
     <span class='ocr_line' id='line_1_21' title="bbox 237 1297 1782 1340; baseline 0 -11"><span class='ocrx_word' id='word_1_216' title='bbox 237 1298 382 1330; x_wconf 84' lang='lat' dir='ltr'><strong>firmandi</strong></span> <span class='ocrx_word' id='word_1_217' title='bbox 406 1308 501 1329; x_wconf 86' lang='lat' dir='ltr'><strong>causa</strong></span> <span class='ocrx_word' id='word_1_218' title='bbox 522 1297 738 1337; x_wconf 89' lang='lat' dir='ltr'><strong>subiiciuntur,</strong></span> <span class='ocrx_word' id='word_1_219' title='bbox 761 1297 816 1329; x_wconf 74' lang='lat' dir='ltr'><strong>ubi</strong></span> <span class='ocrx_word' id='word_1_220' title='bbox 837 1299 918 1328; x_wconf 81' lang='lat' dir='ltr'><strong>enim</strong></span> <span class='ocrx_word' id='word_1_221' title='bbox 931 1298 1008 1329; x_wconf 72' lang='lat' dir='ltr'><strong>milti</strong></span> <span class='ocrx_word' id='word_1_222' title='bbox 1016 1304 1142 1340; x_wconf 74' lang='lat' dir='ltr'><strong>praesto</strong></span> <span class='ocrx_word' id='word_1_223' title='bbox 1147 1298 1288 1338; x_wconf 64' lang='lat' dir='ltr'><strong>fatiscent</strong></span> <span class='ocrx_word' id='word_1_224' title='bbox 1300 1304 1363 1329; x_wconf 76' lang='lat' dir='ltr'><strong>tam</strong></span> <span class='ocrx_word' id='word_1_225' title='bbox 1369 1298 1482 1339; x_wconf 72' lang='lat' dir='ltr'><strong>sortes,</strong></span> <span class='ocrx_word' id='word_1_226' title='bbox 1505 1309 1543 1329; x_wconf 85' lang='lat' dir='ltr'><strong>ea</strong></span> <span class='ocrx_word' id='word_1_227' title='bbox 1558 1299 1703 1329; x_wconf 88' lang='lat' dir='ltr'><strong>nimirum</strong></span> <span class='ocrx_word' id='word_1_228' title='bbox 1720 1310 1782 1330; x_wconf 91' lang='lat' dir='ltr'><strong>non</strong></span> 
     </span>
     <span class='ocr_line' id='line_1_22' title="bbox 238 1352 1781 1395; baseline -0.001 -9"><span class='ocrx_word' id='word_1_229' title='bbox 238 1354 446 1386; x_wconf 83' lang='lat' dir='ltr'><strong>adnectuntur</strong></span> <span class='ocrx_word' id='word_1_230' title='bbox 465 1353 672 1385; x_wconf 80' lang='lat' dir='ltr'><strong>condicionali</strong></span> <span class='ocrx_word' id='word_1_231' title='bbox 689 1353 861 1385; x_wconf 84' lang='lat' dir='ltr'><strong>sententiae</strong></span> <span class='ocrx_word' id='word_1_232' title='bbox 883 1355 913 1385; x_wconf 67' lang='lat' dir='ltr'><strong>si</strong></span> <span class='ocrx_word' id='word_1_233' title='bbox 923 1354 1021 1394; x_wconf 81' lang='lat' dir='ltr'><strong>finem</strong></span> <span class='ocrx_word' id='word_1_234' title='bbox 1042 1360 1106 1385; x_wconf 76' lang='lat' dir='ltr'><strong>tum</strong></span> <span class='ocrx_word' id='word_1_235' title='bbox 1127 1355 1270 1386; x_wconf 75' lang='lat' dir='ltr'><strong>vincendi</strong></span> <span class='ocrx_word' id='word_1_236' title='bbox 1289 1355 1422 1385; x_wconf 72' lang='lat' dir='ltr'><strong>viderem</strong></span> <span class='ocrx_word' id='word_1_237' title='bbox 1443 1353 1486 1392; x_wconf 87' lang='lat' dir='ltr'><strong>(h.</strong></span> <span class='ocrx_word' id='word_1_238' title='bbox 1503 1365 1530 1386; x_wconf 88' lang='lat' dir='ltr'><strong>e.</strong></span> <span class='ocrx_word' id='word_1_239' title='bbox 1546 1352 1710 1395; x_wconf 70' lang='lat' dir='ltr'><strong>vidissem),</strong></span> <span class='ocrx_word' id='word_1_240' title='bbox 1727 1354 1781 1386; x_wconf 86' lang='lat' dir='ltr'><strong>sed</strong></span> 
     </span>
     <span class='ocr_line' id='line_1_23' title="bbox 239 1409 1782 1453; baseline 0.001 -12"><span class='ocrx_word' id='word_1_241' title='bbox 239 1411 269 1442; x_wconf 89' lang='lat' dir='ltr'><strong>ei</strong></span> <span class='ocrx_word' id='word_1_242' title='bbox 284 1421 346 1453; x_wconf 88' lang='lat' dir='ltr'><strong>qua</strong></span> <span class='ocrx_word' id='word_1_243' title='bbox 361 1411 549 1442; x_wconf 84' lang='lat' dir='ltr'><strong>contrarium</strong></span> <span class='ocrx_word' id='word_1_244' title='bbox 570 1415 775 1450; x_wconf 75' lang='lat' dir='ltr'><strong>asseveratur,</strong></span> <span class='ocrx_word' id='word_1_245' title='bbox 793 1421 882 1452; x_wconf 79' lang='lat' dir='ltr'><strong>quem</strong></span> <span class='ocrx_word' id='word_1_246' title='bbox 897 1409 1016 1450; x_wconf 77' lang='lat' dir='ltr'><strong>(finem)</strong></span> <span class='ocrx_word' id='word_1_247' title='bbox 1027 1410 1169 1452; x_wconf 70' lang='lat' dir='ltr'><strong>profecto</strong></span> <span class='ocrx_word' id='word_1_248' title='bbox 1180 1422 1242 1442; x_wconf 76' lang='lat' dir='ltr'><strong>non</strong></span> <span class='ocrx_word' id='word_1_249' title='bbox 1253 1411 1407 1442; x_wconf 77' lang='lat' dir='ltr'><strong>videbam:</strong></span> <span class='ocrx_word' id='word_1_250' title='bbox 1422 1410 1478 1442; x_wconf 73' lang='lat' dir='ltr'><strong>abi</strong></span> <span class='ocrx_word' id='word_1_251' title='bbox 1485 1412 1565 1442; x_wconf 75' lang='lat' dir='ltr'><strong>enim</strong></span> <span class='ocrx_word' id='word_1_252' title='bbox 1575 1411 1651 1442; x_wconf 67' lang='lat' dir='ltr'><strong>mila·</strong></span> <span class='ocrx_word' id='word_1_253' title='bbox 1657 1418 1782 1453; x_wconf 66' lang='lat' dir='ltr'><strong>praesto</strong></span> 
     </span>
     <span class='ocr_line' id='line_1_24' title="bbox 239 1465 1781 1508; baseline 0 -10"><span class='ocrx_word' id='word_1_254' title='bbox 239 1467 378 1506; x_wconf 66' lang='lat' dir='ltr'><strong>fatiscent</strong></span> <span class='ocrx_word' id='word_1_255' title='bbox 393 1466 573 1507; x_wconf 74' lang='lat' dir='ltr'><strong>tamfortee.</strong></span> <span class='ocrx_word' id='word_1_256' title='bbox 602 1465 655 1498; x_wconf 88' lang='lat' dir='ltr'><strong>Sic</strong></span> <span class='ocrx_word' id='word_1_257' title='bbox 671 1466 754 1498; x_wconf 89' lang='lat' dir='ltr'><strong>enim</strong></span> <span class='ocrx_word' id='word_1_258' title='bbox 770 1466 847 1497; x_wconf 87' lang='lat' dir='ltr'><strong>haec</strong></span> <span class='ocrx_word' id='word_1_259' title='bbox 862 1467 1084 1508; x_wconf 80' lang='lat' dir='ltr'><strong>angustissime</strong></span> <span class='ocrx_word' id='word_1_260' title='bbox 1099 1472 1261 1508; x_wconf 85' lang='lat' dir='ltr'><strong>compacta</strong></span> <span class='ocrx_word' id='word_1_261' title='bbox 1276 1472 1357 1498; x_wconf 89' lang='lat' dir='ltr'><strong>sunt.</strong></span> <span class='ocrx_word' id='word_1_262' title='bbox 1383 1466 1511 1498; x_wconf 82' lang='lat' dir='ltr'><strong>Omissa</strong></span> <span class='ocrx_word' id='word_1_263' title='bbox 1524 1472 1629 1498; x_wconf 88' lang='lat' dir='ltr'><strong>autem</strong></span> <span class='ocrx_word' id='word_1_264' title='bbox 1643 1467 1699 1498; x_wconf 87' lang='lat' dir='ltr'><strong>illa</strong></span> <span class='ocrx_word' id='word_1_265' title='bbox 1713 1478 1781 1499; x_wconf 88' lang='lat' dir='ltr'><strong>sen-</strong></span> 
     </span>
     <span class='ocr_line' id='line_1_25' title="bbox 240 1522 1783 1564; baseline 0 -10"><span class='ocrx_word' id='word_1_266' title='bbox 240 1523 347 1563; x_wconf 88' lang='lat' dir='ltr'><strong>tentia,</strong></span> <span class='ocrx_word' id='word_1_267' title='bbox 370 1528 508 1554; x_wconf 86' lang='lat' dir='ltr'><strong>tenorem</strong></span> <span class='ocrx_word' id='word_1_268' title='bbox 528 1533 672 1564; x_wconf 86' lang='lat' dir='ltr'><strong>reparare</strong></span> <span class='ocrx_word' id='word_1_269' title='bbox 694 1533 755 1554; x_wconf 86' lang='lat' dir='ltr'><strong>non</strong></span> <span class='ocrx_word' id='word_1_270' title='bbox 776 1523 877 1564; x_wconf 86' lang='lat' dir='ltr'><strong>possis</strong></span> <span class='ocrx_word' id='word_1_271' title='bbox 897 1522 960 1554; x_wconf 88' lang='lat' dir='ltr'><strong>nisi</strong></span> <span class='ocrx_word' id='word_1_272' title='bbox 979 1522 1039 1554; x_wconf 87' lang='lat' dir='ltr'><strong>hoc</strong></span> <span class='ocrx_word' id='word_1_273' title='bbox 1054 1522 1146 1554; x_wconf 87' lang='lat' dir='ltr'><strong>modo</strong></span> <span class='ocrx_word' id='word_1_274' title='bbox 1161 1524 1245 1554; x_wconf 77' lang='lat' dir='ltr'><strong>vinci</strong></span> <span class='ocrx_word' id='word_1_275' title='bbox 1261 1522 1417 1564; x_wconf 75' lang='lat' dir='ltr'><strong>improbos</strong></span> <span class='ocrx_word' id='word_1_276' title='bbox 1431 1535 1452 1554; x_wconf 86' lang='lat' dir='ltr'><strong>a</strong></span> <span class='ocrx_word' id='word_1_277' title='bbox 1466 1522 1553 1554; x_wconf 72' lang='lat' dir='ltr'><strong>honio</strong></span> <span class='ocrx_word' id='word_1_278' title='bbox 1562 1523 1673 1563; x_wconf 78' lang='lat' dir='ltr'><strong>fateor</strong></span> <span class='ocrx_word' id='word_1_279' title='bbox 1677 1523 1783 1564; x_wconf 70' lang='lat' dir='ltr'><strong>suisne</strong></span> 
     </span>
     <span class='ocr_line' id='line_1_26' title="bbox 237 1579 1782 1621; baseline 0 -12"><span class='ocrx_word' id='word_1_280' title='bbox 237 1579 443 1621; x_wconf 84' lang='lat' dir='ltr'><strong>praeclarum,</strong></span> <span class='ocrx_word' id='word_1_281' title='bbox 466 1580 496 1609; x_wconf 73' lang='lat' dir='ltr'><strong>ei</strong></span> <span class='ocrx_word' id='word_1_282' title='bbox 508 1579 605 1619; x_wconf 73' lang='lat' dir='ltr'><strong>finem</strong></span> <span class='ocrx_word' id='word_1_283' title='bbox 623 1584 687 1609; x_wconf 77' lang='lat' dir='ltr'><strong>tum</strong></span> <span class='ocrx_word' id='word_1_284' title='bbox 705 1579 848 1609; x_wconf 75' lang='lat' dir='ltr'><strong>vincendi</strong></span> <span class='ocrx_word' id='word_1_285' title='bbox 860 1579 1001 1610; x_wconf 77' lang='lat' dir='ltr'><strong>viderem.</strong></span> <span class='ocrx_word' id='word_1_286' title='bbox 1027 1579 1069 1609; x_wconf 77' lang='lat' dir='ltr'><strong>At</strong></span> <span class='ocrx_word' id='word_1_287' title='bbox 1083 1579 1138 1609; x_wconf 70' lang='lat' dir='ltr'><strong>abi</strong></span> <span class='ocrx_word' id='word_1_288' title='bbox 1150 1579 1228 1609; x_wconf 72' lang='lat' dir='ltr'><strong>mihi</strong></span> <span class='ocrx_word' id='word_1_289' title='bbox 1236 1585 1362 1620; x_wconf 68' lang='lat' dir='ltr'><strong>praesto</strong></span> <span class='ocrx_word' id='word_1_290' title='bbox 1375 1579 1515 1619; x_wconf 63' lang='lat' dir='ltr'><strong>fuissent</strong></span> <span class='ocrx_word' id='word_1_291' title='bbox 1527 1579 1699 1620; x_wconf 76' lang='lat' dir='ltr'><strong>tamsorcee</strong></span> <span class='ocrx_word' id='word_1_292' title='bbox 1714 1590 1782 1610; x_wconf 82' lang='lat' dir='ltr'><strong>con-</strong></span> 
     </span>
     <span class='ocr_line' id='line_1_27' title="bbox 238 1634 1781 1676; baseline 0.001 -11"><span class='ocrx_word' id='word_1_293' title='bbox 238 1635 326 1666; x_wconf 68' lang='lat' dir='ltr'><strong>sules.</strong></span> <span class='ocrx_word' id='word_1_294' title='bbox 354 1634 445 1666; x_wconf 87' lang='lat' dir='ltr'><strong>Nunc</strong></span> <span class='ocrx_word' id='word_1_295' title='bbox 460 1635 539 1666; x_wconf 79' lang='lat' dir='ltr'><strong>enim</strong></span> <span class='ocrx_word' id='word_1_296' title='bbox 554 1634 707 1676; x_wconf 87' lang='lat' dir='ltr'><strong>particula</strong></span> <span class='ocrx_word' id='word_1_297' title='bbox 723 1634 896 1665; x_wconf 87' lang='lat' dir='ltr'><strong>certissimo</strong></span> <span class='ocrx_word' id='word_1_298' title='bbox 913 1639 962 1666; x_wconf 90' lang='lat' dir='ltr'><strong>est</strong></span> <span class='ocrx_word' id='word_1_299' title='bbox 975 1634 1091 1666; x_wconf 88' lang='lat' dir='ltr'><strong>indicio</strong></span> <span class='ocrx_word' id='word_1_300' title='bbox 1107 1645 1168 1676; x_wconf 91' lang='lat' dir='ltr'><strong>quo</strong></span> <span class='ocrx_word' id='word_1_301' title='bbox 1184 1634 1339 1666; x_wconf 79' lang='lat' dir='ltr'><strong>indicatur</strong></span> <span class='ocrx_word' id='word_1_302' title='bbox 1353 1645 1393 1666; x_wconf 87' lang='lat' dir='ltr'><strong>ne</strong></span> <span class='ocrx_word' id='word_1_303' title='bbox 1408 1645 1491 1666; x_wconf 81' lang='lat' dir='ltr'><strong>nnnc</strong></span> <span class='ocrx_word' id='word_1_304' title='bbox 1506 1634 1630 1676; x_wconf 88' lang='lat' dir='ltr'><strong>quidem</strong></span> <span class='ocrx_word' id='word_1_305' title='bbox 1647 1634 1781 1666; x_wconf 90' lang='lat' dir='ltr'><strong>addendi</strong></span> 
     </span>
     <span class='ocr_line' id='line_1_28' title="bbox 238 1690 1781 1733; baseline 0 -11"><span class='ocrx_word' id='word_1_306' title='bbox 238 1691 370 1722; x_wconf 89' lang='lat' dir='ltr'><strong>libidine</strong></span> <span class='ocrx_word' id='word_1_307' title='bbox 386 1691 489 1733; x_wconf 90' lang='lat' dir='ltr'><strong>potius</strong></span> <span class='ocrx_word' id='word_1_308' title='bbox 505 1701 597 1732; x_wconf 86' lang='lat' dir='ltr'><strong>quam</strong></span> <span class='ocrx_word' id='word_1_309' title='bbox 613 1690 778 1722; x_wconf 87' lang='lat' dir='ltr'><strong>omittendi</strong></span> <span class='ocrx_word' id='word_1_310' title='bbox 793 1691 914 1722; x_wconf 86' lang='lat' dir='ltr'><strong>incuria</strong></span> <span class='ocrx_word' id='word_1_311' title='bbox 928 1691 1101 1722; x_wconf 87' lang='lat' dir='ltr'><strong>orationem</strong></span> <span class='ocrx_word' id='word_1_312' title='bbox 1116 1701 1186 1723; x_wconf 86' lang='lat' dir='ltr'><strong>esse</strong></span> <span class='ocrx_word' id='word_1_313' title='bbox 1202 1691 1415 1731; x_wconf 76' lang='lat' dir='ltr'><strong>deformatam,</strong></span> <span class='ocrx_word' id='word_1_314' title='bbox 1436 1697 1530 1732; x_wconf 84' lang='lat' dir='ltr'><strong>atque</strong></span> <span class='ocrx_word' id='word_1_315' title='bbox 1549 1692 1588 1723; x_wconf 86' lang='lat' dir='ltr'><strong>iis</strong></span> <span class='ocrx_word' id='word_1_316' title='bbox 1608 1702 1677 1723; x_wconf 85' lang='lat' dir='ltr'><strong>esse</strong></span> <span class='ocrx_word' id='word_1_317' title='bbox 1692 1692 1781 1723; x_wconf 87' lang='lat' dir='ltr'><strong>libris</strong></span> 
     </span>
     <span class='ocr_line' id='line_1_29' title="bbox 238 1745 1780 1788; baseline -0.001 -9"><span class='ocrx_word' id='word_1_318' title='bbox 238 1746 481 1786; x_wconf 82' lang='lat' dir='ltr'><strong>assentiendum,</strong></span> <span class='ocrx_word' id='word_1_319' title='bbox 505 1746 558 1788; x_wconf 87' lang='lat' dir='ltr'><strong>qui</strong></span> <span class='ocrx_word' id='word_1_320' title='bbox 578 1745 729 1778; x_wconf 83' lang='lat' dir='ltr'><strong>exhibent</strong></span> <span class='ocrx_word' id='word_1_321' title='bbox 745 1746 840 1778; x_wconf 82' lang='lat' dir='ltr'><strong>verba</strong></span> <span class='ocrx_word' id='word_1_322' title='bbox 854 1757 934 1788; x_wconf 83' lang='lat' dir='ltr'><strong>quae</strong></span> <span class='ocrx_word' id='word_1_323' title='bbox 949 1747 1010 1778; x_wconf 89' lang='lat' dir='ltr'><strong>nisi</strong></span> <span class='ocrx_word' id='word_1_324' title='bbox 1027 1758 1097 1778; x_wconf 84' lang='lat' dir='ltr'><strong>cum</strong></span> <span class='ocrx_word' id='word_1_325' title='bbox 1112 1747 1229 1788; x_wconf 86' lang='lat' dir='ltr'><strong>insigni</strong></span> <span class='ocrx_word' id='word_1_326' title='bbox 1244 1747 1430 1779; x_wconf 85' lang='lat' dir='ltr'><strong>detrimento</strong></span> <span class='ocrx_word' id='word_1_327' title='bbox 1445 1747 1596 1779; x_wconf 83' lang='lat' dir='ltr'><strong>orationis</strong></span> <span class='ocrx_word' id='word_1_328' title='bbox 1612 1747 1780 1779; x_wconf 87' lang='lat' dir='ltr'><strong>desiderari</strong></span> 
     </span>
     <span class='ocr_line' id='line_1_30' title="bbox 238 1808 464 1845; baseline 0.004 -11"><span class='ocrx_word' id='word_1_329' title='bbox 238 1814 300 1835; x_wconf 89' lang='lat' dir='ltr'><strong>non</strong></span> <span class='ocrx_word' id='word_1_330' title='bbox 323 1808 464 1845; x_wconf 78' lang='lat' dir='ltr'><strong>possunt.</strong></span> 
     </span>
    </p>

    <p class='ocr_par' dir='ltr' id='par_1_6' title="bbox 237 1858 1779 2069">
     <span class='ocr_line' id='line_1_31' title="bbox 393 1858 1779 1900; baseline 0.001 -11"><span class='ocrx_word' id='word_1_331' title='bbox 393 1858 525 1890; x_wconf 85' lang='lat' dir='ltr'><strong>Accedit</strong></span> <span class='ocrx_word' id='word_1_332' title='bbox 540 1863 755 1899; x_wconf 83' lang='lat' dir='ltr'><strong>argumentum</strong></span> <span class='ocrx_word' id='word_1_333' title='bbox 771 1858 999 1899; x_wconf 75' lang='lat' dir='ltr'><strong>gravissimum,</strong></span> <span class='ocrx_word' id='word_1_334' title='bbox 1023 1858 1106 1900; x_wconf 88' lang='lat' dir='ltr'><strong>quod</strong></span> <span class='ocrx_word' id='word_1_335' title='bbox 1122 1859 1214 1890; x_wconf 90' lang='lat' dir='ltr'><strong>nobis</strong></span> <span class='ocrx_word' id='word_1_336' title='bbox 1230 1859 1397 1890; x_wconf 86' lang='lat' dir='ltr'><strong>observata</strong></span> <span class='ocrx_word' id='word_1_337' title='bbox 1411 1858 1575 1892; x_wconf 75' lang='lat' dir='ltr'><strong>Ciceronis</strong></span> <span class='ocrx_word' id='word_1_338' title='bbox 1590 1859 1779 1891; x_wconf 87' lang='lat' dir='ltr'><strong>consuetudo</strong></span> 
     </span>
     <span class='ocr_line' id='line_1_32' title="bbox 238 1914 1779 1958; baseline 0.001 -12"><span class='ocrx_word' id='word_1_339' title='bbox 238 1915 430 1957; x_wconf 80' lang='lat' dir='ltr'><strong>suppeditat3</strong></span> <span class='ocrx_word' id='word_1_340' title='bbox 455 1915 505 1946; x_wconf 91' lang='lat' dir='ltr'><strong>cui</strong></span> <span class='ocrx_word' id='word_1_341' title='bbox 526 1914 607 1947; x_wconf 88' lang='lat' dir='ltr'><strong>nihil</strong></span> <span class='ocrx_word' id='word_1_342' title='bbox 629 1919 677 1947; x_wconf 87' lang='lat' dir='ltr'><strong>est</strong></span> <span class='ocrx_word' id='word_1_343' title='bbox 698 1914 884 1947; x_wconf 84' lang='lat' dir='ltr'><strong>familiarius</strong></span> <span class='ocrx_word' id='word_1_344' title='bbox 906 1925 999 1957; x_wconf 87' lang='lat' dir='ltr'><strong>quam</strong></span> <span class='ocrx_word' id='word_1_345' title='bbox 1022 1915 1049 1947; x_wconf 90' lang='lat' dir='ltr'><strong>si</strong></span> <span class='ocrx_word' id='word_1_346' title='bbox 1068 1926 1130 1957; x_wconf 90' lang='lat' dir='ltr'><strong>qua</strong></span> <span class='ocrx_word' id='word_1_347' title='bbox 1144 1915 1353 1947; x_wconf 86' lang='lat' dir='ltr'><strong>condicionali</strong></span> <span class='ocrx_word' id='word_1_348' title='bbox 1373 1915 1474 1948; x_wconf 86' lang='lat' dir='ltr'><strong>forma</strong></span> <span class='ocrx_word' id='word_1_349' title='bbox 1491 1916 1592 1948; x_wconf 83' lang='lat' dir='ltr'><strong>aliove</strong></span> <span class='ocrx_word' id='word_1_350' title='bbox 1612 1927 1672 1958; x_wconf 93' lang='lat' dir='ltr'><strong>quo</strong></span> <span class='ocrx_word' id='word_1_351' title='bbox 1688 1916 1779 1947; x_wconf 90' lang='lat' dir='ltr'><strong>modo</strong></span> 
     </span>
     <span class='ocr_line' id='line_1_33' title="bbox 237 1971 1777 2013; baseline 0 -10"><span class='ocrx_word' id='word_1_352' title='bbox 237 1972 356 2003; x_wconf 90' lang='lat' dir='ltr'><strong>incerta</strong></span> <span class='ocrx_word' id='word_1_353' title='bbox 377 1972 489 2013; x_wconf 84' lang='lat' dir='ltr'><strong>posuit,</strong></span> <span class='ocrx_word' id='word_1_354' title='bbox 513 1982 550 2002; x_wconf 86' lang='lat' dir='ltr'><strong>ea</strong></span> <span class='ocrx_word' id='word_1_355' title='bbox 574 1971 680 2002; x_wconf 89' lang='lat' dir='ltr'><strong>statim</strong></span> <span class='ocrx_word' id='word_1_356' title='bbox 702 1971 808 2003; x_wconf 85' lang='lat' dir='ltr'><strong>addito</strong></span> <span class='ocrx_word' id='word_1_357' title='bbox 829 1971 998 2011; x_wconf 85' lang='lat' dir='ltr'><strong>enuntiato,</strong></span> <span class='ocrx_word' id='word_1_358' title='bbox 1019 1972 1086 2003; x_wconf 83' lang='lat' dir='ltr'><strong>sive</strong></span> <span class='ocrx_word' id='word_1_359' title='bbox 1101 1971 1133 2002; x_wconf 90' lang='lat' dir='ltr'><strong>id</strong></span> <span class='ocrx_word' id='word_1_360' title='bbox 1154 1972 1331 2003; x_wconf 84' lang='lat' dir='ltr'><strong>affirmandi</strong></span> <span class='ocrx_word' id='word_1_361' title='bbox 1350 1973 1418 2003; x_wconf 85' lang='lat' dir='ltr'><strong>sive</strong></span> <span class='ocrx_word' id='word_1_362' title='bbox 1438 1972 1572 2013; x_wconf 85' lang='lat' dir='ltr'><strong>negandi</strong></span> <span class='ocrx_word' id='word_1_363' title='bbox 1590 1973 1653 2003; x_wconf 86' lang='lat' dir='ltr'><strong>vim</strong></span> <span class='ocrx_word' id='word_1_364' title='bbox 1676 1972 1777 2010; x_wconf 86' lang='lat' dir='ltr'><strong>habet,</strong></span> 
     </span>
     <span class='ocr_line' id='line_1_34' title="bbox 237 2025 1215 2069; baseline 0.001 -11"><span class='ocrx_word' id='word_1_365' title='bbox 237 2026 366 2059; x_wconf 89' lang='lat' dir='ltr'><strong>reddere</strong></span> <span class='ocrx_word' id='word_1_366' title='bbox 389 2028 530 2059; x_wconf 84' lang='lat' dir='ltr'><strong>certiora.</strong></span> <span class='ocrx_word' id='word_1_367' title='bbox 565 2025 663 2059; x_wconf 87' lang='lat' dir='ltr'><strong>Cuius</strong></span> <span class='ocrx_word' id='word_1_368' title='bbox 686 2038 761 2059; x_wconf 87' lang='lat' dir='ltr'><strong>usus</strong></span> <span class='ocrx_word' id='word_1_369' title='bbox 783 2026 860 2059; x_wconf 81' lang='lat' dir='ltr'><strong>haec</strong></span> <span class='ocrx_word' id='word_1_370' title='bbox 883 2026 1041 2059; x_wconf 82' lang='lat' dir='ltr'><strong>afferimus</strong></span> <span class='ocrx_word' id='word_1_371' title='bbox 1065 2027 1215 2069; x_wconf 85' lang='lat' dir='ltr'><strong>exempla.</strong></span> 
     </span>
    </p>

    <p class='ocr_par' dir='ltr' id='par_1_7' title="bbox 392 2083 1778 2237">
     <span class='ocr_line' id='line_1_35' title="bbox 392 2083 1778 2126; baseline 0 -11"><span class='ocrx_word' id='word_1_372' title='bbox 392 2083 453 2115; x_wconf 89' lang='lat' dir='ltr'><strong>Pro</strong></span> <span class='ocrx_word' id='word_1_373' title='bbox 468 2083 561 2115; x_wconf 84' lang='lat' dir='ltr'><strong>Rosc.</strong></span> <span class='ocrx_word' id='word_1_374' title='bbox 578 2084 650 2115; x_wconf 86' lang='lat' dir='ltr'><strong>Am.</strong></span> <span class='ocrx_word' id='word_1_375' title='bbox 669 2084 720 2123; x_wconf 79' lang='lat'><strong>52,</strong></span> <span class='ocrx_word' id='word_1_376' title='bbox 740 2084 803 2116; x_wconf 82' lang='lat'><strong>150</strong></span> <span class='ocrx_word' id='word_1_377' title='bbox 817 2085 866 2115; x_wconf 74' lang='lat' dir='ltr'><strong>ein</strong></span> <span class='ocrx_word' id='word_1_378' title='bbox 880 2095 916 2115; x_wconf 83' lang='lat' dir='ltr'><strong>ea</strong></span> <span class='ocrx_word' id='word_1_379' title='bbox 932 2085 1105 2124; x_wconf 63' lang='lat' dir='ltr'><strong>crudelitas,</strong></span> <span class='ocrx_word' id='word_1_380' title='bbox 1121 2095 1200 2126; x_wconf 80' lang='lat' dir='ltr'><strong>quae</strong></span> <span class='ocrx_word' id='word_1_381' title='bbox 1214 2085 1271 2116; x_wconf 81' lang='grc' dir='ltr'><strong><em>Ιιοσ</em></strong></span> <span class='ocrx_word' id='word_1_382' title='bbox 1286 2091 1419 2126; x_wconf 78' lang='lat' dir='ltr'><strong>tempore</strong></span> <span class='ocrx_word' id='word_1_383' title='bbox 1433 2086 1467 2116; x_wconf 73' lang='lat' dir='ltr'><strong>in</strong></span> <span class='ocrx_word' id='word_1_384' title='bbox 1478 2084 1643 2126; x_wconf 77' lang='lat' dir='ltr'><strong>republica</strong></span> <span class='ocrx_word' id='word_1_385' title='bbox 1658 2091 1778 2115; x_wconf 66' lang='lat' dir='ltr'><strong>versata</strong></span> 
     </span>
     <span class='ocr_line' id='line_1_36' title="bbox 494 2140 1778 2181; baseline 0 -11"><span class='ocrx_word' id='word_1_386' title='bbox 494 2145 547 2178; x_wconf 72' lang='lat' dir='ltr'><strong>est,</strong></span> <span class='ocrx_word' id='word_1_387' title='bbox 558 2145 673 2170; x_wconf 65' lang='lat' dir='ltr'><strong>ventu-oe</strong></span> <span class='ocrx_word' id='word_1_388' title='bbox 684 2149 805 2181; x_wconf 80' lang='lat' dir='ltr'><strong>quoque</strong></span> <span class='ocrx_word' id='word_1_389' title='bbox 815 2141 944 2179; x_wconf 66' lang='lat' dir='ltr'><strong>animoa,</strong></span> <span class='ocrx_word' id='word_1_390' title='bbox 960 2141 1000 2171; x_wconf 81' lang='lat' dir='ltr'><strong>id</strong></span> <span class='ocrx_word' id='word_1_391' title='bbox 1014 2140 1216 2181; x_wconf 72' lang='lat' dir='ltr'><strong>quodfieri</strong></span> <span class='ocrx_word' id='word_1_392' title='bbox 1228 2140 1396 2181; x_wconf 77' lang='lat' dir='ltr'><strong>profecto</strong></span> <span class='ocrx_word' id='word_1_393' title='bbox 1412 2151 1482 2171; x_wconf 74' lang='lat' dir='ltr'><strong>non</strong></span> <span class='ocrx_word' id='word_1_394' title='bbox 1493 2146 1621 2180; x_wconf 68' lang='lat' dir='ltr'><strong>potest,</strong></span> <span class='ocrx_word' id='word_1_395' title='bbox 1639 2141 1778 2171; x_wconf 67' lang='lat' dir='ltr'><strong>duriores</strong></span> 
     </span>
     <span class='ocr_line' id='line_1_37' title="bbox 493 2194 1084 2237; baseline 0.002 -10"><span class='ocrx_word' id='word_1_396' title='bbox 493 2194 721 2237; x_wconf 70' lang='lat' dir='ltr'><strong>acerbioresque</strong></span> <span class='ocrx_word' id='word_1_397' title='bbox 741 2196 887 2235; x_wconf 77' lang='lat' dir='ltr'><strong>reddidit,</strong></span> <span class='ocrx_word' id='word_1_398' title='bbox 910 2202 1011 2228; x_wconf 58' lang='lat' dir='ltr'><strong>aetiam</strong></span> <span class='ocrx_word' id='word_1_399' title='bbox 1032 2202 1084 2228; x_wconf 74' lang='lat' dir='ltr'><strong>est.</strong></span> 
     </span>
    </p>

    <p class='ocr_par' dir='ltr' id='par_1_8' title="bbox 391 2251 1780 2459">
     <span class='ocr_line' id='line_1_38' title="bbox 391 2251 1780 2292; baseline 0 -10"><span class='ocrx_word' id='word_1_400' title='bbox 391 2252 452 2283; x_wconf 89' lang='lat' dir='ltr'><strong>Pro</strong></span> <span class='ocrx_word' id='word_1_401' title='bbox 467 2252 574 2283; x_wconf 87' lang='lat' dir='ltr'><strong>Planc.</strong></span> <span class='ocrx_word' id='word_1_402' title='bbox 589 2252 638 2290; x_wconf 87' lang='grc'><strong>19,</strong></span> <span class='ocrx_word' id='word_1_403' title='bbox 650 2251 693 2282; x_wconf 87' lang='grc'><strong>48</strong></span> <span class='ocrx_word' id='word_1_404' title='bbox 715 2262 809 2292; x_wconf 82' lang='lat' dir='ltr'><strong>qaam</strong></span> <span class='ocrx_word' id='word_1_405' title='bbox 821 2251 879 2282; x_wconf 76' lang='lat' dir='ltr'><strong>tibi</strong></span> <span class='ocrx_word' id='word_1_406' title='bbox 891 2253 1081 2283; x_wconf 80' lang='lat' dir='ltr'><strong>commodam</strong></span> <span class='ocrx_word' id='word_1_407' title='bbox 1092 2258 1145 2290; x_wconf 76' lang='lat' dir='ltr'><strong>eet,</strong></span> <span class='ocrx_word' id='word_1_408' title='bbox 1160 2252 1272 2283; x_wconf 68' lang='lat' dir='ltr'><strong>tribum</strong></span> <span class='ocrx_word' id='word_1_409' title='bbox 1283 2263 1377 2282; x_wconf 82' lang='lat' dir='ltr'><strong>anam</strong></span> <span class='ocrx_word' id='word_1_410' title='bbox 1387 2252 1498 2291; x_wconf 75' lang='lat' dir='ltr'><strong>deli9e5</strong></span> <span class='ocrx_word' id='word_1_411' title='bbox 1513 2257 1545 2282; x_wconf 74' lang='lat' dir='ltr'><strong>tu</strong></span> <span class='ocrx_word' id='word_1_412' title='bbox 1556 2252 1638 2288; x_wconf 86' lang='lat' dir='ltr'><strong>doce,</strong></span> <span class='ocrx_word' id='word_1_413' title='bbox 1649 2252 1685 2282; x_wconf 72' lang='lat' dir='ltr'><strong>id</strong></span> <span class='ocrx_word' id='word_1_414' title='bbox 1695 2252 1780 2292; x_wconf 79' lang='lat' dir='ltr'><strong>quod</strong></span> 
     </span>
     <span class='ocr_line' id='line_1_39' title="bbox 494 2306 1779 2349; baseline -0.001 -11"><span class='ocrx_word' id='word_1_415' title='bbox 494 2307 593 2347; x_wconf 69' lang='lat' dir='ltr'><strong>debeo,</strong></span> <span class='ocrx_word' id='word_1_416' title='bbox 614 2317 672 2349; x_wconf 81' lang='lat' dir='ltr'><strong>per</strong></span> <span class='ocrx_word' id='word_1_417' title='bbox 693 2317 783 2349; x_wconf 77' lang='lat' dir='ltr'><strong>quem</strong></span> <span class='ocrx_word' id='word_1_418' title='bbox 802 2313 993 2349; x_wconf 65' lang='lat' dir='ltr'><strong>sequestrem,</strong></span> <span class='ocrx_word' id='word_1_419' title='bbox 1018 2318 1078 2349; x_wconf 82' lang='lat' dir='ltr'><strong>quo</strong></span> <span class='ocrx_word' id='word_1_420' title='bbox 1101 2309 1234 2339; x_wconf 69' lang='lat' dir='ltr'><strong>divisore</strong></span> <span class='ocrx_word' id='word_1_421' title='bbox 1255 2313 1400 2348; x_wconf 75' lang='lat' dir='ltr'><strong>corrupta</strong></span> <span class='ocrx_word' id='word_1_422' title='bbox 1422 2307 1476 2343; x_wconf 74' lang='lat' dir='ltr'><strong>eit,-</strong></span> <span class='ocrx_word' id='word_1_423' title='bbox 1499 2317 1563 2347; x_wconf 77' lang='lat'><strong>090,</strong></span> <span class='ocrx_word' id='word_1_424' title='bbox 1587 2308 1617 2337; x_wconf 69' lang='lat' dir='ltr'><strong>ai</strong></span> <span class='ocrx_word' id='word_1_425' title='bbox 1629 2306 1779 2347; x_wconf 78' lang='lat' dir='ltr'><strong>idsacere</strong></span> 
     </span>
     <span class='ocr_line' id='line_1_40' title="bbox 492 2363 1779 2404; baseline -0.002 -10"><span class='ocrx_word' id='word_1_426' title='bbox 492 2374 556 2394; x_wconf 74' lang='lat' dir='ltr'><strong>non</strong></span> <span class='ocrx_word' id='word_1_427' title='bbox 575 2364 721 2404; x_wconf 67' lang='lat' dir='ltr'><strong>potuer-ie,</strong></span> <span class='ocrx_word' id='word_1_428' title='bbox 746 2364 857 2404; x_wconf 84' lang='lat' dir='ltr'><strong>quod,</strong></span> <span class='ocrx_word' id='word_1_429' title='bbox 872 2370 908 2395; x_wconf 83' lang='lat' dir='ltr'><strong>ut</strong></span> <span class='ocrx_word' id='word_1_430' title='bbox 922 2365 1027 2404; x_wconf 74' lang='lat' dir='ltr'><strong>opinio</strong></span> <span class='ocrx_word' id='word_1_431' title='bbox 1042 2364 1194 2403; x_wconf 80' lang='lat' dir='ltr'><strong>meafert,</strong></span> <span class='ocrx_word' id='word_1_432' title='bbox 1209 2374 1251 2393; x_wconf 83' lang='lat' dir='ltr'><strong>ne</strong></span> <span class='ocrx_word' id='word_1_433' title='bbox 1264 2363 1425 2403; x_wconf 70' lang='lat' dir='ltr'><strong>incipies</strong></span> <span class='ocrx_word' id='word_1_434' title='bbox 1440 2363 1598 2402; x_wconf 80' lang='lat' dir='ltr'><strong>quidem,</strong></span> <span class='ocrx_word' id='word_1_435' title='bbox 1618 2373 1676 2403; x_wconf 77' lang='lat' dir='ltr'><strong>per</strong></span> <span class='ocrx_word' id='word_1_436' title='bbox 1690 2373 1779 2403; x_wconf 76' lang='lat' dir='ltr'><strong>quem</strong></span> 
     </span>
     <span class='ocr_line' id='line_1_41' title="bbox 493 2419 741 2459; baseline -0.004 -8"><span class='ocrx_word' id='word_1_437' title='bbox 493 2419 605 2459; x_wconf 72' lang='lat' dir='ltr'><strong>tulerit,</strong></span> <span class='ocrx_word' id='word_1_438' title='bbox 622 2419 741 2450; x_wconf 76' lang='lat' dir='ltr'><strong>docebo.</strong></span> 
     </span>
    </p>
   </div>
  </div>
 </body>
</html>
