2182 2740
1138 137 1178 168 16

383 228 578 254 transversos
594 223 666 263 egit.
701 223 820 253 homini
840 220 883 262 (v.
901 220 935 262 5)
957 223 1143 264 proscripsit
1158 222 1328 254 Muellerus
1343 222 1438 254 fidem
1454 222 1573 255 habens
1588 222 1730 263 Halmio,
1746 224 1800 265 qui
1818 228 1851 254 ut
1865 234 1934 265 per-

382 279 482 310 multa
504 290 544 309 ex
567 278 625 310 hac
641 278 838 320 potissimum
861 279 1001 310 oratione
1024 279 1226 321 exstirpanda
1248 278 1339 310 duxit
1359 277 1413 319 (cf.
1431 278 1479 311 ed.
1501 278 1604 311 Turio.
1626 290 1655 321 p.
1679 277 1784 320 1101),
1809 279 1854 311 ita
1875 278 1934 311 hoc

383 345 506 376 quoque
529 335 686 375 glossema
708 345 777 366 esse
800 335 861 366 sibi
878 334 1091 376 Muelleroque
1116 336 1279 376 persuasit.
1314 336 1420 376 Atque
1443 335 1475 366 id
1491 335 1617 376 quidem
1639 340 1757 367 certum
1773 340 1829 375 est,
1846 335 1934 377 quid-

383 390 456 431 quid
481 395 590 421 contra
613 389 767 429 dixerunt,
791 390 910 421 homini
932 391 991 421 isto
1015 390 1083 421 loco
1107 391 1153 422 sic
1172 391 1253 422 nude
1271 391 1506 432 pronominibus
1521 391 1676 433 mihiipsi
1689 390 1845 422 adiectum
1861 390 1934 422 ferri

383 458 444 477 non
469 457 571 487 posse.
606 445 693 477 Infra
707 444 750 486 (v.
770 443 823 485 10)
843 446 961 477 homini
980 452 1063 478 recte
1079 447 1181 478 locum
1197 458 1286 478 suum
1303 447 1433 487 obtinet,
1450 447 1674 478 contrariorum
1691 447 1812 478 ratione
1827 451 1933 488 postu-

384 503 490 541 latum,
514 502 653 532 homini
673 501 725 532 ille
740 501 894 540 honorem,
917 512 980 532 non
992 503 1107 543 qenai,
1131 502 1277 546 moribue,
1300 513 1363 533 non
1385 502 1553 533 ‘maioribus
1569 525 1576 533 .
1592 526 1598 533 .
1616 502 1778 542 deserebat.
1813 500 1877 534 Sed
1893 513 1933 533 ex

383 569 419 589 eo
436 559 504 589 loco
521 569 616 600 supra
631 559 782 590 insertum
799 569 868 590 esse
883 559 1002 590 homini
1016 559 1166 591 credibile
1189 554 1251 591 non
1275 564 1332 599 est,
1357 570 1436 600 quue
1452 564 1501 591 est
1520 559 1619 591 futilis
1635 559 1741 601 opinio
1757 570 1864 591 eorum
1879 559 1934 600 qui

384 625 453 645 cum
471 625 597 645 causam
619 614 733 645 adiecti
749 615 885 645 nominis
903 615 1160 656 circumspiciunt
1174 615 1365 646 levissimam
1385 625 1539 656 quamque
1556 615 1710 656 arripiunt
1729 615 1762 646 in
1782 625 1880 656 eaque
1901 619 1934 645 ut

384 670 500 700 assolet
516 670 730 711 acquiescunt.
755 668 790 701 Si
802 680 897 711 supra
908 669 951 709 (v.
964 668 998 710 5)
1015 670 1094 701 nihil
1106 671 1255 712 scriptum
1268 677 1334 702 erat
1347 682 1366 702 a
1381 669 1533 702 Cicerone
1546 670 1607 702 nisi
1619 670 1748 702 honores
1756 681 1790 713 p.
1807 670 1845 702 R.
1858 670 1936 703 mihi

383 728 448 767 ipsi
469 727 584 765 detulit,
608 730 662 756 aut
684 726 763 756 nihil
786 725 964 756 addendum
988 731 1062 764 erut,
1087 733 1141 757 aut
1163 731 1247 758 certe
1262 727 1380 758 homini
1394 737 1448 758 cur
1463 726 1629 758 adderetur
1644 737 1739 758 causa
1755 726 1842 758 nulla
1857 731 1932 757 erat.

384 782 494 823 Itaque
517 781 563 812 sic
583 780 807 820 concludimus,
831 781 950 812 homini
970 780 1013 821 (v.
1030 780 1065 822 5)
1087 793 1148 813 non
1165 781 1245 814 falso
1261 781 1415 813 adiectum
1431 782 1487 814 sed
1504 782 1706 824 depravatum
1722 793 1800 822 esse,
1818 793 1857 813 ex
1873 793 1933 824 quo

384 838 572 869 eliciendum
600 838 654 877 sit,
683 848 745 879 quo
768 836 940 869 Ciceronis
962 838 1061 869 oratio
1088 838 1263 870 adiuvetur.
1298 840 1346 870 Ac
1369 839 1476 870 statim
1503 839 1674 880 percipitur
1699 839 1837 880 potuisse
1860 838 1933 870 addi

384 894 411 925 si
435 905 498 925 non
521 894 699 925 necessario
722 898 755 924 at
776 899 904 935 perapte
928 894 1010 935 quod
1035 895 1260 926 sententiarum
1285 906 1399 926 nexum
1420 895 1514 926 etiam
1535 895 1655 926 firmius
1676 895 1817 926 vinciret.
1853 892 1931 925 Scri-

385 950 520 982 bendum
545 951 629 981 enim
653 960 722 982 esse
738 949 870 981 dicimus
894 961 996 981 omnes
1018 950 1146 981 honores
1165 962 1200 992 p.
1216 950 1254 981 R.
1271 950 1348 982 milti
1368 951 1442 992 ipsi,
1464 961 1534 982 non
1556 952 1699 982 nomini
1711 951 1827 982 detulit.
1850 961 1934 982 nam

383 1013 416 1038 tu
438 1018 506 1038 cum
526 1012 670 1048 quaestor
691 1017 721 1038 ee
734 1006 855 1047 factus,
880 1008 972 1038 etiam
994 1008 1049 1048 qui
1070 1013 1097 1038 te
1118 1018 1287 1049 numquam
1308 1008 1460 1045 viderant,
1483 1013 1583 1038 tanton
1605 1007 1695 1038 illum
1713 1007 1857 1039 honorem
1871 1018 1934 1038 ao-

383 1065 474 1094 mini
494 1063 684 1094 mandabant
706 1069 769 1101 tuo,
793 1073 892 1103 eaque
916 1063 1007 1102 plane
1031 1062 1164 1093 eundem
1188 1063 1218 1093 in
1244 1074 1370 1094 sensum
1393 1073 1485 1104 porro
1507 1063 1714 1104 explicantur.
1749 1061 1829 1101 Quis
1850 1063 1933 1094 enim

383 1130 445 1150 non
473 1118 568 1158 videt,
597 1119 652 1150 illa
678 1130 741 1150 non
761 1120 883 1151 nomini
909 1123 972 1150 tam
1000 1120 1064 1161 ἱροί
1090 1119 1268 1161 pronomini
1295 1130 1389 1161 quam
1417 1120 1592 1161 insequenti
1621 1120 1794 1152 sententiae
1817 1119 1934 1151 causali

385 1177 514 1208 mirifice
542 1176 785 1215 accommodari3
813 1181 844 1207 et
867 1182 996 1217 apparet
1023 1187 1117 1217 quam
1145 1176 1231 1207 nullo
1257 1177 1383 1217 negotio
1406 1176 1466 1208 hoc
1493 1187 1586 1217 quam
1611 1187 1651 1207 ex
1673 1176 1736 1207 levi
1760 1186 1864 1207 errore
1888 1186 1934 1206 re-

385 1237 565 1273 cuperatum
583 1233 634 1263 sit.
667 1230 740 1270 Qua
754 1243 788 1263 re
804 1231 863 1262 hoc
886 1232 952 1262 sive
976 1237 1133 1273 repertum
1156 1236 1205 1264 est
1226 1232 1258 1263 in
1282 1232 1345 1263 ullo
1368 1232 1477 1263 codice
1500 1232 1567 1263 sive
1590 1232 1622 1263 in
1646 1231 1731 1263 nullo
1758 1229 1935 1272 (ambigunt

385 1286 483 1327 enim)
511 1289 563 1330 qui
596 1288 714 1329 primus
746 1288 885 1329 scripsit,
917 1287 1093 1319 rectissime
1129 1288 1292 1329 scripsisse
1327 1289 1501 1320 censendus
1533 1294 1591 1320 est.
1634 1288 1867 1329 Agnosciturne
1898 1298 1936 1318 ea

385 1355 478 1385 quam
499 1344 632 1375 dicimus
656 1344 832 1375 criticorum
857 1343 1022 1385 cupiditas,
1047 1344 1100 1385 qui
1123 1343 1201 1375 adeo
1226 1344 1409 1375 uncinorum
1433 1356 1523 1376 usum
1545 1349 1599 1375 aut
1620 1344 1756 1386 speciem
1779 1343 1932 1383 deamant,

386 1407 419 1432 ut
441 1412 511 1432 cum
534 1412 629 1432 causa
652 1400 739 1432 nulla
760 1406 868 1442 aperta
890 1399 1096 1432 additamenti
1123 1400 1196 1432 facti
1225 1398 1386 1442 appareat,
1412 1412 1450 1432 ex
1472 1401 1570 1433 altera
1597 1406 1700 1432 autem
1727 1405 1814 1442 parte
1840 1399 1935 1441 aptis·

384 1457 465 1488 sima
479 1457 578 1488 oratio
595 1457 757 1488 lenissimo
773 1456 910 1487 remedio
926 1457 1049 1487 restitui
1065 1457 1173 1497 possit,
1191 1463 1296 1488 tamen
1312 1457 1343 1488 in
1360 1457 1452 1488 istam
1470 1462 1589 1498 partem
1605 1456 1737 1499 pedibus
1753 1457 1798 1488 ire
1813 1456 1934 1487 malint.

383 1515 420 1544 In
443 1524 505 1554 quo
527 1524 641 1554 genere
669 1513 814 1554 princeps
838 1518 905 1543 erat
931 1511 1092 1552 Halmius,
1117 1513 1205 1543 cuius
1233 1513 1448 1544 auctoritatem
1477 1513 1645 1544 multorum
1670 1512 1936 1544 inconsiderantia

384 1574 492 1600 secuta
513 1574 570 1600 est.

539 1624 644 1657 Unum
668 1625 761 1656 etiam
789 1625 890 1656 locum
916 1624 1161 1665 disceptabimus
1185 1635 1225 1655 ex
1249 1624 1357 1655 eadem
1381 1625 1520 1656 oratione
1543 1624 1672 1666 petitum
1697 1636 1716 1656 a
1738 1635 1800 1666 qua
1821 1624 1934 1666 princi-

384 1682 468 1722 pium
493 1681 650 1712 scribendi
673 1680 814 1712 fecimus.
850 1680 887 1711 In
911 1680 1083 1711 Planciana
1105 1680 1182 1711 haec
1205 1680 1322 1721 scripta
1345 1686 1418 1711 sunt
1439 1691 1466 1712 c.
1484 1681 1534 1721 36,
1551 1681 1591 1712 87

643 1737 723 1768 hisce
742 1747 797 1778 eqo
817 1737 945 1768 auoeiliio
965 1736 1153 1767 studentibus
1173 1742 1263 1777 atque
1281 1737 1417 1767 incitatis
1432 1737 1479 1768 uti
1492 1747 1539 1768 me
1553 1738 1692 1778 potuisse
1711 1736 1862 1776 confiteor,
1882 1736 1936 1767 sed

643 1799 710 1825 erat
730 1804 792 1825 non
814 1794 882 1824 iure
907 1804 970 1824 non
992 1792 1108 1834 leqibua
1133 1803 1196 1824 non
1219 1794 1418 1835 diecmando
1441 1794 1656 1825 decertandum
1670 1816 1678 1824 .
1696 1818 1703 1824 .
1722 1818 1728 1824 .
1745 1794 1841 1824 armis
1853 1792 1932 1833 fuit,

644 1850 740 1880 armis
758 1850 888 1890 inquam
894 1849 965 1889 fuit
979 1850 1188 1879 dimicandum
1193 1860 1203 1886 ‚·
1224 1849 1335 1890 quibust
1350 1860 1370 1879 a
1385 1851 1480 1880 cervia
1495 1855 1587 1891 atque
1601 1861 1621 1880 a
1636 1860 1792 1880 cervorum
1807 1849 1935 1880 ducibus

644 1905 764 1936 caedem
775 1905 850 1945 fieri
863 1911 985 1936 senatus
1000 1910 1028 1936 ec
1042 1905 1190 1937 bonorum
1204 1906 1251 1937 rei
1262 1904 1405 1947 publicae
1420 1905 1719 1947 exitiosumfuieuet3
1739 1906 1823 1937 vinci
1835 1911 1935 1936 autem

592 1964 609 1989 5
644 1962 801 2003 improbos
816 1974 836 1992 a
851 1962 938 1993 honio
948 1962 1058 2002 fateor
1067 1962 1173 2002 fuisse
1189 1963 1395 2003 praeclarum,
1415 1964 1445 1993 si
1453 1963 1550 2002 finem
1565 1969 1629 1993 tum
1643 1963 1785 1993 vincendi
1802 1962 1936 1993 viderem

643 2016 763 2059 [quem
783 2017 949 2059 profecto
972 2028 1042 2048 non
1063 2016 1257 2057 videbamJ.
1300 2017 1360 2049 Ubi
1380 2019 1461 2049 enim
1483 2018 1560 2049 milti
1578 2023 1704 2060 praesto
1720 2017 1860 2059 fuissent
1882 2022 1936 2048 aut

644 2080 707 2105 tam
717 2074 821 2114 fortes
836 2074 972 2105 consules
988 2085 1081 2115 quam
1096 2074 1131 2104 L.
1152 2073 1306 2115 Opimiue,
1323 2085 1417 2115 quam
1432 2074 1466 2106 C.
1482 2075 1615 2113 Marius,
1633 2085 1727 2116 quam
1741 2074 1778 2105 L.
1792 2074 1934 2112 Flaccue,

644 2130 755 2171 quibus
767 2130 895 2161 ducibus
906 2129 1061 2171 improbos
1073 2131 1151 2160 cives
1163 2141 1211 2161 ree
1221 2129 1347 2171 publica
1360 2131 1434 2161 vicit
1448 2131 1586 2166 amatis,
1602 2136 1657 2161 aut
1670 2131 1700 2161 ei
1712 2129 1934 2170 minuesostoe,

643 2192 676 2217 at
698 2191 799 2217 tamen
821 2192 883 2217 tam
904 2187 980 2217 iusti
1001 2197 1094 2227 quam
1110 2186 1148 2218 P.
1166 2186 1300 2226 Mucius,
1321 2187 1378 2228 qui
1391 2197 1489 2225 arma,
1511 2198 1590 2228 quae
1606 2188 1750 2229 privatae
1769 2186 1807 2217 P.
1826 2184 1934 2227 Scipio

575 2245 608 2271 10
643 2249 778 2283 ceperat,
806 2253 843 2274 ea
869 2242 915 2273 Ti.
954 2242 1092 2274 Graccho
1115 2244 1294 2284 interempto
1317 2245 1385 2274 iure
1407 2245 1521 2284 optimo
1544 2249 1666 2285 aumpta
1693 2254 1755 2274 esse
1781 2242 1936 2282 defendit?

642 2299 733 2330 Esset
752 2299 851 2340 ’ἱρέων
871 2299 1074 2340 puqnandum
1096 2310 1164 2330 cum
1186 2299 1370 2330 consulibua.

385 2354 498 2394 Agitur
522 2354 559 2384 de
585 2355 688 2385 verbis
711 2353 755 2394 (v.
772 2353 806 2394 6)
830 2366 918 2396 quem
938 2355 1076 2395 profecto
1100 2366 1162 2385 non
1177 2355 1327 2392 videbam,
1344 2366 1424 2395 quae
1440 2355 1610 2386 Muellerus
1627 2355 1715 2385 uncis
1731 2354 1849 2395 saepsit
1864 2364 1934 2383 cum

384 2409 523 2449 Halmio,
553 2410 605 2440 alii
631 2421 670 2441 ne
694 2416 878 2452 receperunt
901 2410 1036 2452 quidem.
1070 2410 1138 2441 Non
1167 2411 1250 2441 enim
1279 2410 1316 2441 de
1341 2422 1426 2442 mera
1448 2411 1625 2442 criticorum
1648 2410 1794 2452 opinione
1818 2409 1872 2440 sed
1896 2409 1935 2440 de
