2182 2740
567 692 646 739 VN
648 692 1018 739 lVERSI'PA'I'IS
1055 693 1468 739 LITTERARIAE

725 815 1013 853 FRIDERICAE
1046 816 1325 853 GVILELMAE

455 932 865 997 RECTOR
922 934 1047 996 ET
1106 933 1593 998 SENATVS.

253 1093 303 1165 ln
326 1133 492 1175 prooemiis
517 1133 699 1174 scribendis,
724 1144 855 1175 quorum
877 1134 1054 1165 institutum
1077 1145 1200 1176 semper
1222 1134 1305 1165 idem
1325 1138 1381 1174 est,
1408 1139 1441 1164 ut
1459 1133 1626 1165 lectionum
1642 1134 1797 1165 academi-

253 1200 359 1221 carum
374 1189 600 1221 enumerationi
616 1189 733 1231 aliquid
749 1190 917 1221 litterariae
933 1190 1152 1232 disputationis
1168 1191 1384 1232 praemittatur
1399 1201 1438 1221 ex
1455 1195 1593 1221 veterum
1609 1191 1796 1231 scriptorum

252 1245 507 1287 interpretatione
530 1245 653 1286 petitae,
679 1246 825 1277 materiae
848 1246 973 1288 quidem
996 1246 1132 1288 aliquam
1156 1246 1336 1277 varietatem
1360 1246 1538 1287 quaerimus
1561 1246 1606 1277 ita
1626 1253 1660 1277 ut
1679 1257 1740 1278 non
1757 1258 1796 1278 ex

253 1301 362 1334 eodem
385 1302 534 1344 scriptore
557 1302 611 1334 sed
635 1313 674 1334 ex
697 1302 838 1343 pluribus
858 1303 1060 1345 scriptionum
1077 1308 1251 1335 nostrarum
1269 1308 1451 1344 argumenta
1465 1309 1652 1345 repetamus.
1686 1303 1796 1346 Itaque

254 1362 324 1399 post
339 1358 578 1399 Aristophanem
601 1359 663 1389 iam
686 1359 736 1390 bis
759 1359 817 1390 hac
840 1360 1003 1391 occasione
1026 1360 1065 1390 ad
1088 1365 1192 1401 partes
1215 1366 1357 1391 vocatum
1382 1360 1419 1390 ad
1437 1358 1621 1391 Ciceronem
1644 1371 1702 1391 nos
1725 1371 1796 1391 con-

255 1414 403 1445 vertimus
426 1424 462 1445 eo
486 1414 617 1446 consilio
641 1419 674 1446 ut
692 1425 790 1456 genus
807 1415 962 1457 quoddam
979 1415 1206 1447 emendationis
1222 1415 1384 1447 Tullianae
1401 1415 1552 1457 exemplis
1568 1415 1728 1447 nonnullis
1744 1427 1797 1457 pa-

254 1470 435 1501 tefaciamus
455 1481 491 1501 ac
512 1470 712 1502 declaremus.
741 1471 867 1503 Etenim
883 1472 937 1513 qui
955 1472 1003 1502 vel
1017 1472 1208 1503 novissimae
1224 1472 1370 1503 editionis
1386 1471 1622 1503 Teubnerianae
1639 1471 1798 1503 volumina

254 1525 432 1566 diligentius
448 1527 691 1567 pertractaverit,
707 1527 862 1568 intelliget
879 1527 912 1558 in
932 1528 1016 1558 omni
1037 1532 1125 1568 parte
1140 1527 1290 1559 librorum
1308 1526 1470 1559 Ciceronis
1486 1527 1592 1558 multis
1607 1527 1685 1558 locis
1703 1528 1798 1559 verba

254 1582 378 1622 singula
392 1587 446 1613 aut
460 1582 548 1623 plura
563 1582 710 1613 continua
725 1587 756 1613 et
771 1588 836 1613 tota
851 1583 1012 1614 enuntiata
1027 1582 1241 1614 damnatorum
1258 1583 1358 1613 instar
1373 1583 1405 1613 in
1422 1582 1546 1613 vincula
1562 1593 1630 1614 esse
1646 1583 1795 1614 coniecta.

254 1637 332 1669 Nam
357 1638 417 1669 hoc
439 1637 566 1669 editoris
590 1637 756 1669 clementia
777 1649 795 1669 a
818 1649 851 1669 se
875 1649 936 1669 non
960 1638 1148 1679 impetravit,
1171 1643 1206 1669 ut
1228 1638 1380 1679 supplicio
1396 1638 1534 1669 afficeret
1550 1638 1697 1670 damnata
1711 1644 1796 1670 etex

253 1693 412 1724 hominum
436 1694 584 1725 memoria
606 1683 801 1735 exstirparet,
826 1693 880 1725 sed
904 1693 1035 1725 clatrata
1057 1704 1093 1724 ea
1117 1693 1226 1724 maluit
1250 1694 1344 1725 vitam
1368 1694 1499 1725 invitam
1520 1694 1642 1726 ducere.
1677 1694 1719 1725 Et
1737 1694 1796 1725 hoc

254 1760 328 1781 sane
351 1750 447 1792 probe
469 1749 584 1781 factum
600 1754 656 1790 est,
681 1750 706 1780 si
728 1749 853 1791 quidem
873 1749 1042 1790 legentium
1063 1749 1228 1791 prudentia
1253 1750 1444 1791 admonetur,
1470 1755 1503 1781 ut
1523 1762 1562 1782 ne
1587 1751 1687 1782 securi
1712 1755 1794 1782 tran-

253 1806 361 1839 siliant
382 1807 451 1838 loca
471 1807 680 1838 maleficorum
696 1807 829 1838 miseriis
849 1806 964 1838 infecta
986 1806 1041 1838 sed
1057 1807 1148 1848 quasi
1164 1818 1218 1848 per
1233 1812 1435 1838 transennam
1450 1807 1652 1848 introspicere
1669 1808 1796 1848 cupiant

253 1863 366 1893 curiosi
390 1863 465 1904 quid
488 1863 533 1893 rei
554 1867 687 1903 geratur.

407 1918 476 1950 Non
502 1929 651 1959 negamus
674 1918 725 1949 hic
744 1918 809 1949 illic
825 1918 857 1949 in
873 1915 963 1949 bonis
979 1917 1139 1949 codicibus
1154 1915 1241 1958 (nam
1257 1918 1289 1949 in
1305 1918 1397 1949 malis
1413 1918 1488 1949 talia
1503 1918 1602 1949 multa
1617 1929 1686 1950 esse
1703 1930 1793 1950 nemo

253 1972 366 2010 nescit)
388 1974 559 2004 orationem
575 1973 751 2004 Tullianam
773 1973 861 2004 falsis
881 1972 1101 2004 additamentis
1120 1978 1242 2004 auctam
1258 1984 1340 2012 esse3
1365 1973 1419 2004 sed
1439 1978 1543 2004 tamen
1560 1975 1605 2004 ita
1619 1985 1792 2014 censemus,

253 2029 285 2059 in
308 2029 347 2061 iis
370 2040 450 2071 quae
473 2029 574 2061 editor
597 2029 784 2061 novissimus
807 2029 923 2069 reiecit,
948 2029 1094 2071 pleraque
1116 2040 1179 2060 non
1202 2040 1236 2060 se
1259 2034 1383 2060 auctore
1407 2029 1461 2060 sed
1482 2029 1602 2060 alienae
1626 2029 1700 2061 fidei
1720 2031 1792 2061 asti-

252 2085 386 2126 pulatus,
410 2086 509 2117 multa
530 2096 599 2117 esse
622 2096 701 2127 quae
723 2090 777 2117 aut
799 2085 912 2117 iniuria
932 2085 1013 2116 ferre
1036 2096 1132 2116 uncos
1155 2085 1240 2117 iussa
1262 2085 1334 2125 sint,
1359 2090 1412 2116 aut
1434 2085 1460 2116 si
1483 2085 1558 2126 qnid
1583 2096 1638 2126 per
1657 2097 1792 2117 errorem

252 2140 333 2172 labis
360 2142 526 2180 traxerint,
553 2142 670 2172 leniore
697 2152 798 2183 poena
824 2141 863 2172 ad
890 2141 1098 2177 sinceritatem
1127 2141 1265 2172 revocari
1289 2141 1453 2181 potuerint.
1487 2140 1661 2182 Utrumque
1689 2146 1792 2172 autem

252 2197 358 2229 sensui
381 2202 487 2229 nostro
502 2208 651 2240 pergrave
675 2208 744 2229 esse
760 2197 860 2229 visum
884 2202 940 2237 est,
966 2202 998 2228 ut
1015 2197 1046 2228 in
1063 2196 1224 2228 hominum
1240 2197 1305 2228 vita
1320 2197 1501 2228 innocentes
1517 2196 1724 2228 condemnare
1739 2202 1794 2228 aut

251 2253 377 2292 gravius
400 2254 510 2295 punire
532 2265 609 2296 quos
632 2253 733 2285 lenius
756 2253 880 2293 licebat,
904 2254 948 2284 ita
969 2253 1001 2284 in
1025 2253 1138 2285 litteris
1161 2253 1332 2285 orationem
1355 2264 1434 2294 quae
1458 2264 1520 2283 non
1543 2258 1650 2284 nostra
1673 2259 1721 2284 est
1737 2253 1793 2284 sed

251 2309 362 2349 aliena,
387 2309 441 2341 sed
465 2310 651 2351 scriptorum
676 2310 827 2341 nobilium
849 2320 927 2350 quos
951 2309 1079 2340 laudant
1100 2315 1132 2340 et
1153 2309 1346 2340 admirantur
1361 2320 1477 2348 omnes,
1494 2314 1548 2340 aut
1564 2309 1677 2350 pusillo
1694 2321 1793 2341 naevo

251 2363 399 2396 infectam
427 2370 481 2396 aut
506 2366 739 2406 integerrimam
767 2366 881 2396 nostris
909 2365 1065 2396 erroribus
1093 2366 1215 2397 absciso
1238 2365 1376 2396 membro
1400 2375 1540 2396 mancam
1564 2371 1596 2395 et
1618 2371 1792 2396 truncatam

251 2420 390 2453 reddere.

1556 2480 1568 2504 1
