<?xml version="1.0" encoding="UTF-8"?>
<!DOCTYPE html PUBLIC "-//W3C//DTD XHTML 1.0 Transitional//EN"
    "http://www.w3.org/TR/xhtml1/DTD/xhtml1-transitional.dtd">
<html xmlns="http://www.w3.org/1999/xhtml" xml:lang="en" lang="en">
 <head>
  <title>
</title>
<meta http-equiv="Content-Type" content="text/html;charset=utf-8" />
  <meta name='ocr-system' content='tesseract 3.04.00' />
  <meta name='ocr-capabilities' content='ocr_page ocr_carea ocr_par ocr_line ocrx_word'/>
</head>
<body>
  <div class='ocr_page' id='page_1' title='image "4765502_0024.png"; bbox 0 0 2182 2740; ppageno 0'>
   <div class='ocr_carea' id='block_1_1' title="bbox 1136 136 1175 166">
    <p class='ocr_par' dir='ltr' id='par_1_1' title="bbox 1136 136 1175 166">
     <span class='ocr_line' id='line_1_1' title="bbox 1136 136 1175 166; baseline 0 0"><span class='ocrx_word' id='word_1_1' title='bbox 1136 136 1175 166; x_wconf 86' lang='lat'><strong>14</strong></span> 
     </span>
    </p>
   </div>
   <div class='ocr_carea' id='block_1_2' title="bbox 378 219 1939 2451">
    <p class='ocr_par' dir='ltr' id='par_1_2' title="bbox 382 219 1939 1437">
     <span class='ocr_line' id='line_1_2' title="bbox 387 219 1936 262; baseline 0 -12"><span class='ocrx_word' id='word_1_2' title='bbox 387 219 418 250; x_wconf 89' lang='lat' dir='ltr'><strong>in</strong></span> <span class='ocrx_word' id='word_1_3' title='bbox 436 219 456 256; x_wconf 67' lang='grc' dir='ltr'>ἓ</span> <span class='ocrx_word' id='word_1_4' title='bbox 469 219 511 251; x_wconf 87' lang='grc'><strong>28</strong></span> <span class='ocrx_word' id='word_1_5' title='bbox 527 220 559 250; x_wconf 79' lang='lat' dir='ltr'><strong>in</strong></span> <span class='ocrx_word' id='word_1_6' title='bbox 575 220 761 252; x_wconf 78' lang='lat' dir='ltr'><strong>Macedonia</strong></span> <span class='ocrx_word' id='word_1_7' title='bbox 777 220 918 252; x_wconf 69' lang='lat' dir='ltr'><strong>tribunus</strong></span> <span class='ocrx_word' id='word_1_8' title='bbox 933 221 1152 261; x_wconf 80' lang='lat' dir='ltr'><strong>militumfuit,</strong></span> <span class='ocrx_word' id='word_1_9' title='bbox 1169 222 1202 251; x_wconf 84' lang='lat' dir='ltr'><strong>in</strong></span> <span class='ocrx_word' id='word_1_10' title='bbox 1218 221 1322 252; x_wconf 85' lang='lat' dir='ltr'><strong>eadem</strong></span> <span class='ocrx_word' id='word_1_11' title='bbox 1335 221 1498 262; x_wconf 76' lang='lat' dir='ltr'><strong>provincia</strong></span> <span class='ocrx_word' id='word_1_12' title='bbox 1512 226 1616 261; x_wconf 70' lang='lat' dir='ltr'><strong>postea</strong></span> <span class='ocrx_word' id='word_1_13' title='bbox 1634 225 1783 261; x_wconf 69' lang='lat' dir='ltr'><strong>quaestor.</strong></span> <span class='ocrx_word' id='word_1_14' title='bbox 1809 219 1839 251; x_wconf 90' lang='lat' dir='ltr'><strong>in</strong></span> <span class='ocrx_word' id='word_1_15' title='bbox 1856 224 1936 251; x_wconf 83' lang='lat' dir='ltr'><strong>com·</strong></span> 
     </span>
     <span class='ocr_line' id='line_1_3' title="bbox 387 273 1937 307; baseline 0 -2"><span class='ocrx_word' id='word_1_16' title='bbox 387 276 613 306; x_wconf 73' lang='lat' dir='ltr'><strong>memoratione</strong></span> <span class='ocrx_word' id='word_1_17' title='bbox 641 282 814 307; x_wconf 89' lang='lat' dir='ltr'><strong>castrorum</strong></span> <span class='ocrx_word' id='word_1_18' title='bbox 842 283 873 306; x_wconf 90' lang='lat' dir='ltr'><strong>et</strong></span> <span class='ocrx_word' id='word_1_19' title='bbox 900 276 944 307; x_wconf 86' lang='lat' dir='ltr'><strong>rei</strong></span> <span class='ocrx_word' id='word_1_20' title='bbox 972 276 1116 307; x_wconf 86' lang='lat' dir='ltr'><strong>militaris</strong></span> <span class='ocrx_word' id='word_1_21' title='bbox 1144 276 1222 306; x_wconf 85' lang='lat' dir='ltr'><strong>satis</strong></span> <span class='ocrx_word' id='word_1_22' title='bbox 1250 282 1298 306; x_wconf 90' lang='lat' dir='ltr'><strong>est</strong></span> <span class='ocrx_word' id='word_1_23' title='bbox 1321 275 1424 306; x_wconf 85' lang='lat' dir='ltr'><strong>dicere</strong></span> <span class='ocrx_word' id='word_1_24' title='bbox 1447 275 1608 305; x_wconf 69' lang='lat' dir='ltr'><strong>Plancium</strong></span> <span class='ocrx_word' id='word_1_25' title='bbox 1635 275 1732 305; x_wconf 82' lang='lat' dir='ltr'><strong>fuisse</strong></span> <span class='ocrx_word' id='word_1_26' title='bbox 1760 273 1937 306; x_wconf 60' lang='lat' dir='ltr'><strong>tribunum?</strong></span> 
     </span>
     <span class='ocr_line' id='line_1_4' title="bbox 386 329 1936 373; baseline 0.001 -13"><span class='ocrx_word' id='word_1_27' title='bbox 386 329 475 361; x_wconf 90' lang='lat' dir='ltr'><strong>Haec</strong></span> <span class='ocrx_word' id='word_1_28' title='bbox 498 329 564 361; x_wconf 88' lang='lat' dir='ltr'><strong>ille:</strong></span> <span class='ocrx_word' id='word_1_29' title='bbox 591 330 645 361; x_wconf 92' lang='lat' dir='ltr'><strong>sed</strong></span> <span class='ocrx_word' id='word_1_30' title='bbox 670 331 696 362; x_wconf 93' lang='lat' dir='ltr'><strong>si</strong></span> <span class='ocrx_word' id='word_1_31' title='bbox 721 331 780 362; x_wconf 81' lang='lat' dir='ltr'><strong>isto</strong></span> <span class='ocrx_word' id='word_1_32' title='bbox 804 331 873 362; x_wconf 91' lang='lat' dir='ltr'><strong>loco</strong></span> <span class='ocrx_word' id='word_1_33' title='bbox 891 342 1003 362; x_wconf 91' lang='lat' dir='ltr'><strong>nomen</strong></span> <span class='ocrx_word' id='word_1_34' title='bbox 1020 331 1155 373; x_wconf 89' lang='lat' dir='ltr'><strong>positum</strong></span> <span class='ocrx_word' id='word_1_35' title='bbox 1172 330 1369 362; x_wconf 79' lang='lat' dir='ltr'><strong>intolerabile</strong></span> <span class='ocrx_word' id='word_1_36' title='bbox 1385 336 1444 370; x_wconf 84' lang='lat' dir='ltr'><strong>est,</strong></span> <span class='ocrx_word' id='word_1_37' title='bbox 1468 341 1523 361; x_wconf 87' lang='lat' dir='ltr'><strong>cur</strong></span> <span class='ocrx_word' id='word_1_38' title='bbox 1537 341 1598 361; x_wconf 91' lang='lat' dir='ltr'><strong>non</strong></span> <span class='ocrx_word' id='word_1_39' title='bbox 1616 336 1772 362; x_wconf 87' lang='lat' dir='ltr'><strong>mutamus</strong></span> <span class='ocrx_word' id='word_1_40' title='bbox 1794 329 1936 362; x_wconf 84' lang='lat' dir='ltr'><strong>ordinem</strong></span> 
     </span>
     <span class='ocr_line' id='line_1_5' title="bbox 386 387 1937 429; baseline 0.001 -12"><span class='ocrx_word' id='word_1_41' title='bbox 386 393 418 417; x_wconf 79' lang='lat' dir='ltr'><strong>et</strong></span> <span class='ocrx_word' id='word_1_42' title='bbox 441 387 608 418; x_wconf 84' lang='lat' dir='ltr'>scribimus</span> <span class='ocrx_word' id='word_1_43' title='bbox 633 393 666 418; x_wconf 88' lang='lat' dir='ltr'><strong>ut</strong></span> <span class='ocrx_word' id='word_1_44' title='bbox 689 388 787 419; x_wconf 86' lang='lat' dir='ltr'><strong>altero</strong></span> <span class='ocrx_word' id='word_1_45' title='bbox 810 388 878 418; x_wconf 85' lang='lat' dir='ltr'><strong>loco</strong></span> <span class='ocrx_word' id='word_1_46' title='bbox 902 388 1015 428; x_wconf 83' lang='lat' dir='ltr'><strong>legitur</strong></span> <span class='ocrx_word' id='word_1_47' title='bbox 1037 394 1067 419; x_wconf 80' lang='lat' dir='ltr'><strong>et</strong></span> <span class='ocrx_word' id='word_1_48' title='bbox 1088 389 1173 419; x_wconf 64' lang='lat' dir='ltr'><strong>mileo</strong></span> <span class='ocrx_word' id='word_1_49' title='bbox 1196 389 1229 419; x_wconf 81' lang='lat' dir='ltr'><strong>in</strong></span> <span class='ocrx_word' id='word_1_50' title='bbox 1252 387 1341 419; x_wconf 78' lang='lat' dir='ltr'><strong>Creta</strong></span> <span class='ocrx_word' id='word_1_51' title='bbox 1363 388 1419 419; x_wconf 75' lang='lat' dir='ltr'><strong>hoc</strong></span> <span class='ocrx_word' id='word_1_52' title='bbox 1440 389 1625 429; x_wconf 77' lang='lat' dir='ltr'><strong>imperatore</strong></span> <span class='ocrx_word' id='word_1_53' title='bbox 1647 393 1674 418; x_wconf 80' lang='lat' dir='ltr'><strong>et</strong></span> <span class='ocrx_word' id='word_1_54' title='bbox 1695 388 1730 418; x_wconf 79' lang='lat' dir='ltr'><strong>in</strong></span> <span class='ocrx_word' id='word_1_55' title='bbox 1753 387 1937 418; x_wconf 76' lang='lat' dir='ltr'><strong>Macedonia</strong></span> 
     </span>
     <span class='ocr_line' id='line_1_6' title="bbox 385 442 1937 484; baseline 0.001 -12"><span class='ocrx_word' id='word_1_56' title='bbox 385 443 527 473; x_wconf 77' lang='lat' dir='ltr'><strong>tribunae</strong></span> <span class='ocrx_word' id='word_1_57' title='bbox 549 443 680 473; x_wconf 76' lang='lat' dir='ltr'><strong>militum</strong></span> <span class='ocrx_word' id='word_1_58' title='bbox 694 443 774 483; x_wconf 80' lang='lat' dir='ltr'><strong>fuit,</strong></span> <span class='ocrx_word' id='word_1_59' title='bbox 800 444 866 474; x_wconf 90' lang='lat' dir='ltr'><strong>sive</strong></span> <span class='ocrx_word' id='word_1_60' title='bbox 890 443 971 484; x_wconf 90' lang='lat' dir='ltr'><strong>quod</strong></span> <span class='ocrx_word' id='word_1_61' title='bbox 997 455 1035 474; x_wconf 87' lang='lat' dir='ltr'><strong>ex</strong></span> <span class='ocrx_word' id='word_1_62' title='bbox 1052 443 1158 474; x_wconf 88' lang='lat' dir='ltr'><strong>nescio</strong></span> <span class='ocrx_word' id='word_1_63' title='bbox 1182 454 1243 484; x_wconf 91' lang='lat' dir='ltr'><strong>quo</strong></span> <span class='ocrx_word' id='word_1_64' title='bbox 1267 442 1374 474; x_wconf 84' lang='lat' dir='ltr'><strong>codice</strong></span> <span class='ocrx_word' id='word_1_65' title='bbox 1390 442 1534 474; x_wconf 87' lang='lat' dir='ltr'><strong>nonnulli</strong></span> <span class='ocrx_word' id='word_1_66' title='bbox 1549 442 1686 473; x_wconf 82' lang='lat' dir='ltr'><strong>editores</strong></span> <span class='ocrx_word' id='word_1_67' title='bbox 1710 442 1888 483; x_wconf 80' lang='lat' dir='ltr'><strong>praeferunt</strong></span> <span class='ocrx_word' id='word_1_68' title='bbox 1909 443 1937 473; x_wconf 74' lang='lat' dir='ltr'><strong>&#39;et</strong></span> 
     </span>
     <span class='ocr_line' id='line_1_7' title="bbox 386 498 1936 541; baseline 0.001 -11"><span class='ocrx_word' id='word_1_69' title='bbox 386 498 527 530; x_wconf 72' lang='lat' dir='ltr'><strong>tribunus</strong></span> <span class='ocrx_word' id='word_1_70' title='bbox 550 499 683 531; x_wconf 80' lang='lat' dir='ltr'><strong>militum</strong></span> <span class='ocrx_word' id='word_1_71' title='bbox 704 501 738 531; x_wconf 76' lang='lat' dir='ltr'><strong>in</strong></span> <span class='ocrx_word' id='word_1_72' title='bbox 762 499 955 532; x_wconf 80' lang='lat' dir='ltr'><strong>Macedonia.</strong></span> <span class='ocrx_word' id='word_1_73' title='bbox 992 502 1042 531; x_wconf 88' lang='lat' dir='ltr'><strong>An</strong></span> <span class='ocrx_word' id='word_1_74' title='bbox 1068 511 1129 531; x_wconf 88' lang='lat' dir='ltr'><strong>non</strong></span> <span class='ocrx_word' id='word_1_75' title='bbox 1161 500 1223 531; x_wconf 90' lang='lat' dir='ltr'><strong>veri</strong></span> <span class='ocrx_word' id='word_1_76' title='bbox 1248 499 1381 531; x_wconf 84' lang='lat' dir='ltr'><strong>similius</strong></span> <span class='ocrx_word' id='word_1_77' title='bbox 1409 504 1458 531; x_wconf 86' lang='lat' dir='ltr'><strong>est</strong></span> <span class='ocrx_word' id='word_1_78' title='bbox 1479 510 1533 541; x_wconf 89' lang='lat' dir='ltr'><strong>per</strong></span> <span class='ocrx_word' id='word_1_79' title='bbox 1561 510 1697 531; x_wconf 87' lang='lat' dir='ltr'><strong>errorem</strong></span> <span class='ocrx_word' id='word_1_80' title='bbox 1719 499 1842 531; x_wconf 86' lang='lat' dir='ltr'><strong>scribae</strong></span> <span class='ocrx_word' id='word_1_81' title='bbox 1865 509 1936 531; x_wconf 86' lang='lat' dir='ltr'><strong>con-</strong></span> 
     </span>
     <span class='ocr_line' id='line_1_8' title="bbox 386 556 1937 597; baseline 0 -11"><span class='ocrx_word' id='word_1_82' title='bbox 386 556 541 596; x_wconf 88' lang='lat' dir='ltr'><strong>tiguorum</strong></span> <span class='ocrx_word' id='word_1_83' title='bbox 568 556 789 587; x_wconf 84' lang='lat' dir='ltr'><strong>vocabulorum</strong></span> <span class='ocrx_word' id='word_1_84' title='bbox 813 557 925 587; x_wconf 89' lang='lat' dir='ltr'><strong>seriem</strong></span> <span class='ocrx_word' id='word_1_85' title='bbox 950 567 1018 587; x_wconf 90' lang='lat' dir='ltr'><strong>esse</strong></span> <span class='ocrx_word' id='word_1_86' title='bbox 1042 557 1198 587; x_wconf 84' lang='lat' dir='ltr'><strong>inversam</strong></span> <span class='ocrx_word' id='word_1_87' title='bbox 1228 567 1320 597; x_wconf 90' lang='lat' dir='ltr'><strong>quam</strong></span> <span class='ocrx_word' id='word_1_88' title='bbox 1345 567 1364 587; x_wconf 83' lang='lat' dir='ltr'><strong>a</strong></span> <span class='ocrx_word' id='word_1_89' title='bbox 1386 556 1492 587; x_wconf 80' lang='lat' dir='ltr'><strong>nescio</strong></span> <span class='ocrx_word' id='word_1_90' title='bbox 1516 567 1577 596; x_wconf 91' lang='lat' dir='ltr'><strong>quo</strong></span> <span class='ocrx_word' id='word_1_91' title='bbox 1600 556 1755 587; x_wconf 86' lang='lat' dir='ltr'><strong>adiectum</strong></span> <span class='ocrx_word' id='word_1_92' title='bbox 1780 566 1892 587; x_wconf 88' lang='lat' dir='ltr'><strong>nomen</strong></span> <span class='ocrx_word' id='word_1_93' title='bbox 1918 567 1937 587; x_wconf 83' lang='lat' dir='ltr'><strong>a</strong></span> 
     </span>
     <span class='ocr_line' id='line_1_9' title="bbox 386 609 1937 654; baseline 0.001 -12"><span class='ocrx_word' id='word_1_94' title='bbox 386 609 540 643; x_wconf 80' lang='lat' dir='ltr'><strong>Cicerone</strong></span> <span class='ocrx_word' id='word_1_95' title='bbox 553 612 725 644; x_wconf 81' lang='lat' dir='ltr'><strong>omissum?</strong></span> <span class='ocrx_word' id='word_1_96' title='bbox 748 623 817 644; x_wconf 90' lang='lat' dir='ltr'><strong>cum</strong></span> <span class='ocrx_word' id='word_1_97' title='bbox 832 612 1014 654; x_wconf 86' lang='lat' dir='ltr'><strong>praesertim</strong></span> <span class='ocrx_word' id='word_1_98' title='bbox 1031 623 1101 643; x_wconf 90' lang='lat' dir='ltr'><strong>eum</strong></span> <span class='ocrx_word' id='word_1_99' title='bbox 1114 612 1166 654; x_wconf 90' lang='lat' dir='ltr'><strong>qui</strong></span> <span class='ocrx_word' id='word_1_100' title='bbox 1180 612 1273 643; x_wconf 88' lang='lat' dir='ltr'><strong>etiam</strong></span> <span class='ocrx_word' id='word_1_101' title='bbox 1285 612 1425 644; x_wconf 75' lang='lat' dir='ltr'><strong>tribunae</strong></span> <span class='ocrx_word' id='word_1_102' title='bbox 1435 612 1536 654; x_wconf 71' lang='lat' dir='ltr'><strong>plebis</strong></span> <span class='ocrx_word' id='word_1_103' title='bbox 1547 611 1641 643; x_wconf 77' lang='lat' dir='ltr'><strong>fuerit</strong></span> <span class='ocrx_word' id='word_1_104' title='bbox 1656 611 1720 652; x_wconf 82' lang='lat'>(25,</span> <span class='ocrx_word' id='word_1_105' title='bbox 1738 612 1796 651; x_wconf 77' lang='lat'><strong>603</strong></span> <span class='ocrx_word' id='word_1_106' title='bbox 1815 612 1863 651; x_wconf 89' lang='lat'><strong>11,</strong></span> <span class='ocrx_word' id='word_1_107' title='bbox 1880 610 1937 650; x_wconf 82' lang='lat'><strong>28)</strong></span> 
     </span>
     <span class='ocr_line' id='line_1_10' title="bbox 386 668 1937 710; baseline -0.001 -11"><span class='ocrx_word' id='word_1_108' title='bbox 386 668 477 699; x_wconf 83' lang='lat' dir='ltr'><strong>malis</strong></span> <span class='ocrx_word' id='word_1_109' title='bbox 502 668 592 709; x_wconf 82' lang='lat' dir='ltr'><strong>plene</strong></span> <span class='ocrx_word' id='word_1_110' title='bbox 616 669 773 700; x_wconf 73' lang='lat' dir='ltr'><strong>tribunum</strong></span> <span class='ocrx_word' id='word_1_111' title='bbox 794 669 927 700; x_wconf 78' lang='lat' dir='ltr'><strong>militum</strong></span> <span class='ocrx_word' id='word_1_112' title='bbox 950 669 1111 710; x_wconf 84' lang='lat' dir='ltr'><strong>appellari,</strong></span> <span class='ocrx_word' id='word_1_113' title='bbox 1138 674 1169 699; x_wconf 89' lang='lat' dir='ltr'><strong>ut</strong></span> <span class='ocrx_word' id='word_1_114' title='bbox 1192 668 1289 699; x_wconf 87' lang='lat' dir='ltr'><strong>altero</strong></span> <span class='ocrx_word' id='word_1_115' title='bbox 1312 668 1390 708; x_wconf 89' lang='lat' dir='ltr'><strong>loco,</strong></span> <span class='ocrx_word' id='word_1_116' title='bbox 1415 679 1602 709; x_wconf 83' lang='lat' dir='ltr'><strong>quamquam</strong></span> <span class='ocrx_word' id='word_1_117' title='bbox 1627 668 1672 700; x_wconf 92' lang='lat' dir='ltr'><strong>ibi</strong></span> <span class='ocrx_word' id='word_1_118' title='bbox 1695 679 1818 710; x_wconf 87' lang='lat' dir='ltr'><strong>quoque</strong></span> <span class='ocrx_word' id='word_1_119' title='bbox 1843 668 1937 699; x_wconf 87' lang='lat' dir='ltr'><strong>verba</strong></span> 
     </span>
     <span class='ocr_line' id='line_1_11' title="bbox 385 723 1936 766; baseline -0.001 -10"><span class='ocrx_word' id='word_1_120' title='bbox 385 725 456 764; x_wconf 78' lang='lat' dir='ltr'><strong>suit</strong></span> <span class='ocrx_word' id='word_1_121' title='bbox 470 725 556 756; x_wconf 69' lang='lat' dir='ltr'><strong>miles</strong></span> <span class='ocrx_word' id='word_1_122' title='bbox 570 726 604 755; x_wconf 75' lang='lat' dir='ltr'><strong>in</strong></span> <span class='ocrx_word' id='word_1_123' title='bbox 621 725 709 756; x_wconf 83' lang='lat' dir='ltr'><strong>Creta</strong></span> <span class='ocrx_word' id='word_1_124' title='bbox 727 725 865 766; x_wconf 85' lang='lat' dir='ltr'><strong>proxime</strong></span> <span class='ocrx_word' id='word_1_125' title='bbox 883 730 1128 766; x_wconf 82' lang='lat' dir='ltr'><strong>praecesserunt.</strong></span> <span class='ocrx_word' id='word_1_126' title='bbox 1161 723 1223 756; x_wconf 78' lang='lat' dir='ltr'><strong>Sed</strong></span> <span class='ocrx_word' id='word_1_127' title='bbox 1241 725 1342 756; x_wconf 90' lang='lat' dir='ltr'><strong>omnis</strong></span> <span class='ocrx_word' id='word_1_128' title='bbox 1359 735 1407 756; x_wconf 89' lang='lat' dir='ltr'><strong>res</strong></span> <span class='ocrx_word' id='word_1_129' title='bbox 1426 724 1506 756; x_wconf 89' lang='lat' dir='ltr'><strong>redit</strong></span> <span class='ocrx_word' id='word_1_130' title='bbox 1525 735 1561 755; x_wconf 93' lang='lat' dir='ltr'><strong>eo</strong></span> <span class='ocrx_word' id='word_1_131' title='bbox 1584 729 1617 755; x_wconf 92' lang='lat' dir='ltr'><strong>ut</strong></span> <span class='ocrx_word' id='word_1_132' title='bbox 1636 729 1803 766; x_wconf 75' lang='lat' dir='ltr'><strong>quaeratur</strong></span> <span class='ocrx_word' id='word_1_133' title='bbox 1822 723 1936 755; x_wconf 83' lang='lat' dir='ltr'><strong>ferrine</strong></span> 
     </span>
     <span class='ocr_line' id='line_1_12' title="bbox 386 779 1937 821; baseline 0 -10"><span class='ocrx_word' id='word_1_134' title='bbox 386 781 523 821; x_wconf 86' lang='lat' dir='ltr'><strong>potuerit</strong></span> <span class='ocrx_word' id='word_1_135' title='bbox 546 782 606 811; x_wconf 81' lang='lat' dir='ltr'><strong>ista</strong></span> <span class='ocrx_word' id='word_1_136' title='bbox 628 781 792 812; x_wconf 82' lang='lat' dir='ltr'><strong>collocatio</strong></span> <span class='ocrx_word' id='word_1_137' title='bbox 808 791 902 821; x_wconf 92' lang='lat' dir='ltr'><strong>quam</strong></span> <span class='ocrx_word' id='word_1_138' title='bbox 924 781 995 811; x_wconf 87' lang='lat' dir='ltr'><strong>libri</strong></span> <span class='ocrx_word' id='word_1_139' title='bbox 1019 785 1181 811; x_wconf 79' lang='lat' dir='ltr'><strong>testantur.</strong></span> <span class='ocrx_word' id='word_1_140' title='bbox 1216 780 1253 811; x_wconf 94' lang='lat' dir='ltr'><strong>Id</strong></span> <span class='ocrx_word' id='word_1_141' title='bbox 1277 780 1358 821; x_wconf 90' lang='lat' dir='ltr'><strong>quod</strong></span> <span class='ocrx_word' id='word_1_142' title='bbox 1377 779 1564 820; x_wconf 85' lang='lat' dir='ltr'><strong>Wunderus,</strong></span> <span class='ocrx_word' id='word_1_143' title='bbox 1588 780 1642 821; x_wconf 88' lang='lat' dir='ltr'><strong>qui</strong></span> <span class='ocrx_word' id='word_1_144' title='bbox 1657 780 1791 821; x_wconf 89' lang='lat' dir='ltr'><strong>primum</strong></span> <span class='ocrx_word' id='word_1_145' title='bbox 1807 785 1937 820; x_wconf 83' lang='lat' dir='ltr'><strong>negarat</strong></span> 
     </span>
     <span class='ocr_line' id='line_1_13' title="bbox 385 833 1936 877; baseline -0.001 -10"><span class='ocrx_word' id='word_1_146' title='bbox 385 835 472 876; x_wconf 87' lang='lat' dir='ltr'><strong>(nam</strong></span> <span class='ocrx_word' id='word_1_147' title='bbox 490 837 515 867; x_wconf 86' lang='lat' dir='ltr'><strong>is</strong></span> <span class='ocrx_word' id='word_1_148' title='bbox 534 837 651 877; x_wconf 88' lang='lat' dir='ltr'><strong>primus</strong></span> <span class='ocrx_word' id='word_1_149' title='bbox 672 836 730 867; x_wconf 84' lang='lat' dir='ltr'><strong>fuit</strong></span> <span class='ocrx_word' id='word_1_150' title='bbox 751 837 803 877; x_wconf 89' lang='lat' dir='ltr'><strong>qui</strong></span> <span class='ocrx_word' id='word_1_151' title='bbox 828 836 959 867; x_wconf 80' lang='lat' dir='ltr'><strong>militum</strong></span> <span class='ocrx_word' id='word_1_152' title='bbox 982 847 1094 867; x_wconf 88' lang='lat' dir='ltr'><strong>nomen</strong></span> <span class='ocrx_word' id='word_1_153' title='bbox 1113 836 1276 867; x_wconf 76' lang='lat' dir='ltr'><strong>secluserit</strong></span> <span class='ocrx_word' id='word_1_154' title='bbox 1299 836 1360 867; x_wconf 89' lang='lat' dir='ltr'><strong>iam</strong></span> <span class='ocrx_word' id='word_1_155' title='bbox 1384 847 1410 867; x_wconf 90' lang='lat' dir='ltr'><strong>a.</strong></span> <span class='ocrx_word' id='word_1_156' title='bbox 1431 834 1537 876; x_wconf 84' lang='lat'>1830),</span> <span class='ocrx_word' id='word_1_157' title='bbox 1562 842 1672 877; x_wconf 87' lang='lat' dir='ltr'><strong>postea</strong></span> <span class='ocrx_word' id='word_1_158' title='bbox 1693 833 1736 877; x_wconf 91' lang='lat' dir='ltr'><strong>(p.</strong></span> <span class='ocrx_word' id='word_1_159' title='bbox 1757 833 1832 874; x_wconf 83' lang='lat'>165)</span> <span class='ocrx_word' id='word_1_160' title='bbox 1854 845 1936 867; x_wconf 89' lang='lat' dir='ltr'><strong>com-</strong></span> 
     </span>
     <span class='ocr_line' id='line_1_14' title="bbox 385 891 1936 933; baseline -0.001 -10"><span class='ocrx_word' id='word_1_161' title='bbox 385 893 516 933; x_wconf 84' lang='lat' dir='ltr'><strong>probare</strong></span> <span class='ocrx_word' id='word_1_162' title='bbox 533 893 653 923; x_wconf 76' lang='lat' dir='ltr'><strong>studuit</strong></span> <span class='ocrx_word' id='word_1_163' title='bbox 669 893 841 923; x_wconf 89' lang='lat' dir='ltr'><strong>rationibus</strong></span> <span class='ocrx_word' id='word_1_164' title='bbox 858 903 935 933; x_wconf 85' lang='lat' dir='ltr'><strong>quas</strong></span> <span class='ocrx_word' id='word_1_165' title='bbox 952 903 1012 923; x_wconf 91' lang='lat' dir='ltr'><strong>non</strong></span> <span class='ocrx_word' id='word_1_166' title='bbox 1026 902 1192 933; x_wconf 84' lang='lat' dir='ltr'><strong>possumus</strong></span> <span class='ocrx_word' id='word_1_167' title='bbox 1209 903 1269 923; x_wconf 91' lang='lat' dir='ltr'><strong>non</strong></span> <span class='ocrx_word' id='word_1_168' title='bbox 1286 891 1390 923; x_wconf 87' lang='lat' dir='ltr'><strong>futiles</strong></span> <span class='ocrx_word' id='word_1_169' title='bbox 1408 891 1532 923; x_wconf 84' lang='lat' dir='ltr'><strong>habere.</strong></span> <span class='ocrx_word' id='word_1_170' title='bbox 1556 893 1622 923; x_wconf 91' lang='lat' dir='ltr'><strong>Nos</strong></span> <span class='ocrx_word' id='word_1_171' title='bbox 1635 891 1687 933; x_wconf 89' lang='lat' dir='ltr'><strong>qui</strong></span> <span class='ocrx_word' id='word_1_172' title='bbox 1704 892 1735 922; x_wconf 91' lang='lat' dir='ltr'><strong>in</strong></span> <span class='ocrx_word' id='word_1_173' title='bbox 1753 891 1812 922; x_wconf 91' lang='lat' dir='ltr'><strong>hoc</strong></span> <span class='ocrx_word' id='word_1_174' title='bbox 1823 902 1936 932; x_wconf 82' lang='lat' dir='ltr'><strong>genere</strong></span> 
     </span>
     <span class='ocr_line' id='line_1_15' title="bbox 384 947 1936 990; baseline -0.001 -11"><span class='ocrx_word' id='word_1_175' title='bbox 384 949 537 990; x_wconf 87' lang='lat' dir='ltr'><strong>exemplis</strong></span> <span class='ocrx_word' id='word_1_176' title='bbox 561 948 630 990; x_wconf 89' lang='lat' dir='ltr'><strong>plus</strong></span> <span class='ocrx_word' id='word_1_177' title='bbox 655 948 821 980; x_wconf 88' lang='lat' dir='ltr'><strong>tribuimus</strong></span> <span class='ocrx_word' id='word_1_178' title='bbox 838 959 930 990; x_wconf 86' lang='lat' dir='ltr'><strong>quam</strong></span> <span class='ocrx_word' id='word_1_179' title='bbox 955 948 1138 987; x_wconf 83' lang='lat' dir='ltr'><strong>rationibus,</strong></span> <span class='ocrx_word' id='word_1_180' title='bbox 1163 959 1233 979; x_wconf 87' lang='lat' dir='ltr'><strong>eum</strong></span> <span class='ocrx_word' id='word_1_181' title='bbox 1250 948 1500 979; x_wconf 88' lang='lat' dir='ltr'><strong>meminissemus</strong></span> <span class='ocrx_word' id='word_1_182' title='bbox 1526 948 1621 979; x_wconf 87' lang='lat' dir='ltr'><strong>verba</strong></span> <span class='ocrx_word' id='word_1_183' title='bbox 1637 947 1835 979; x_wconf 86' lang='lat' dir='ltr'><strong>nobilissima</strong></span> <span class='ocrx_word' id='word_1_184' title='bbox 1857 958 1936 989; x_wconf 85' lang='lat' dir='ltr'><strong>quae</strong></span> 
     </span>
     <span class='ocr_line' id='line_1_16' title="bbox 384 1001 1937 1046; baseline -0.001 -11"><span class='ocrx_word' id='word_1_185' title='bbox 384 1005 510 1035; x_wconf 88' lang='lat' dir='ltr'><strong>incunte</strong></span> <span class='ocrx_word' id='word_1_186' title='bbox 526 1002 655 1035; x_wconf 89' lang='lat' dir='ltr'><strong>Somnio</strong></span> <span class='ocrx_word' id='word_1_187' title='bbox 673 1005 817 1045; x_wconf 82' lang='lat' dir='ltr'><strong>leguntur</strong></span> <span class='ocrx_word' id='word_1_188' title='bbox 833 1004 884 1042; x_wconf 88' lang='lat' dir='ltr'><strong>(de</strong></span> <span class='ocrx_word' id='word_1_189' title='bbox 901 1015 934 1035; x_wconf 82' lang='lat' dir='ltr'><strong>re</strong></span> <span class='ocrx_word' id='word_1_190' title='bbox 951 1015 979 1045; x_wconf 88' lang='lat' dir='ltr'><strong>p.</strong></span> <span class='ocrx_word' id='word_1_191' title='bbox 996 1004 1025 1044; x_wconf 88' lang='lat'><strong>6,</strong></span> <span class='ocrx_word' id='word_1_192' title='bbox 1044 1004 1072 1043; x_wconf 87' lang='lat'><strong>9,</strong></span> <span class='ocrx_word' id='word_1_193' title='bbox 1090 1002 1124 1044; x_wconf 88' lang='grc'><strong>9)</strong></span> <span class='ocrx_word' id='word_1_194' title='bbox 1146 1015 1214 1035; x_wconf 85' lang='lat' dir='ltr'><strong>cum</strong></span> <span class='ocrx_word' id='word_1_195' title='bbox 1229 1005 1262 1035; x_wconf 82' lang='lat' dir='ltr'><strong>in</strong></span> <span class='ocrx_word' id='word_1_196' title='bbox 1282 1004 1426 1046; x_wconf 82' lang='lat' dir='ltr'><strong>Africam</strong></span> <span class='ocrx_word' id='word_1_197' title='bbox 1440 1005 1587 1035; x_wconf 68' lang='lat' dir='ltr'><strong>venissem</strong></span> <span class='ocrx_word' id='word_1_198' title='bbox 1601 1001 1654 1035; x_wconf 76' lang='lat' dir='ltr'><strong>M?</strong></span> <span class='ocrx_word' id='word_1_199' title='bbox 1669 1003 1803 1035; x_wconf 76' lang='lat' dir='ltr'><strong>Manilio</strong></span> <span class='ocrx_word' id='word_1_200' title='bbox 1819 1004 1937 1035; x_wconf 75' lang='lat' dir='ltr'><strong>consult</strong></span> 
     </span>
     <span class='ocr_line' id='line_1_17' title="bbox 383 1059 1939 1102; baseline -0.001 -10"><span class='ocrx_word' id='word_1_201' title='bbox 383 1062 426 1092; x_wconf 84' lang='lat' dir='ltr'><strong>ad</strong></span> <span class='ocrx_word' id='word_1_202' title='bbox 449 1067 592 1102; x_wconf 74' lang='lat' dir='ltr'><strong>quartam</strong></span> <span class='ocrx_word' id='word_1_203' title='bbox 619 1061 767 1102; x_wconf 73' lang='lat' dir='ltr'><strong>leyionem</strong></span> <span class='ocrx_word' id='word_1_204' title='bbox 789 1060 959 1091; x_wconf 69' lang='lat' dir='ltr'><strong>tribunus</strong></span> <span class='ocrx_word' id='word_1_205' title='bbox 987 1066 1023 1091; x_wconf 84' lang='lat' dir='ltr'><strong>ut</strong></span> <span class='ocrx_word' id='word_1_206' title='bbox 1049 1061 1154 1091; x_wconf 68' lang='lat' dir='ltr'><strong>scitis</strong></span> <span class='ocrx_word' id='word_1_207' title='bbox 1176 1060 1347 1098; x_wconf 80' lang='lat' dir='ltr'><strong>militum,</strong></span> <span class='ocrx_word' id='word_1_208' title='bbox 1374 1059 1454 1091; x_wconf 76' lang='lat' dir='ltr'><strong>nihil</strong></span> <span class='ocrx_word' id='word_1_209' title='bbox 1478 1059 1557 1090; x_wconf 74' lang='lat' dir='ltr'><strong>mihi</strong></span> <span class='ocrx_word' id='word_1_210' title='bbox 1572 1059 1644 1100; x_wconf 80' lang='lat' dir='ltr'><strong>fuit</strong></span> <span class='ocrx_word' id='word_1_211' title='bbox 1660 1061 1765 1101; x_wconf 76' lang='lat' dir='ltr'><strong>potine</strong></span> <span class='ocrx_word' id='word_1_212' title='bbox 1788 1071 1881 1101; x_wconf 80' lang='lat' dir='ltr'><strong>quam</strong></span> <span class='ocrx_word' id='word_1_213' title='bbox 1903 1061 1939 1091; x_wconf 80' lang='lat' dir='ltr'><strong>ui</strong></span> 
     </span>
     <span class='ocr_line' id='line_1_18' title="bbox 384 1115 1936 1157; baseline -0.001 -9"><span class='ocrx_word' id='word_1_214' title='bbox 384 1118 586 1148; x_wconf 68' lang='lat' dir='ltr'><strong>Masinissam</strong></span> <span class='ocrx_word' id='word_1_215' title='bbox 608 1118 799 1148; x_wconf 79' lang='lat' dir='ltr'><strong>convenirem</strong></span> <span class='ocrx_word' id='word_1_216' title='bbox 820 1127 931 1157; x_wconf 75' lang='lat' dir='ltr'><strong>reqem,</strong></span> <span class='ocrx_word' id='word_1_217' title='bbox 956 1127 1053 1157; x_wconf 82' lang='lat' dir='ltr'><strong>eaque</strong></span> <span class='ocrx_word' id='word_1_218' title='bbox 1078 1116 1252 1146; x_wconf 81' lang='lat' dir='ltr'><strong>videremus</strong></span> <span class='ocrx_word' id='word_1_219' title='bbox 1276 1127 1294 1146; x_wconf 90' lang='lat' dir='ltr'><strong>a</strong></span> <span class='ocrx_word' id='word_1_220' title='bbox 1317 1116 1441 1146; x_wconf 90' lang='lat' dir='ltr'><strong>nemine</strong></span> <span class='ocrx_word' id='word_1_221' title='bbox 1465 1115 1652 1155; x_wconf 86' lang='lat' dir='ltr'><strong>addubitari,</strong></span> <span class='ocrx_word' id='word_1_222' title='bbox 1677 1126 1735 1147; x_wconf 87' lang='lat' dir='ltr'><strong>nec</strong></span> <span class='ocrx_word' id='word_1_223' title='bbox 1757 1115 1820 1147; x_wconf 85' lang='lat' dir='ltr'><strong>fere</strong></span> <span class='ocrx_word' id='word_1_224' title='bbox 1844 1127 1936 1157; x_wconf 88' lang='lat' dir='ltr'><strong>posse</strong></span> 
     </span>
     <span class='ocr_line' id='line_1_19' title="bbox 385 1170 1935 1214; baseline -0.001 -10"><span class='ocrx_word' id='word_1_225' title='bbox 385 1173 497 1204; x_wconf 88' lang='lat' dir='ltr'><strong>mutari</strong></span> <span class='ocrx_word' id='word_1_226' title='bbox 514 1173 638 1213; x_wconf 85' lang='lat' dir='ltr'><strong>egregie</strong></span> <span class='ocrx_word' id='word_1_227' title='bbox 655 1172 837 1214; x_wconf 88' lang='lat' dir='ltr'><strong>composita,</strong></span> <span class='ocrx_word' id='word_1_228' title='bbox 863 1173 908 1203; x_wconf 88' lang='lat' dir='ltr'><strong>sic</strong></span> <span class='ocrx_word' id='word_1_229' title='bbox 925 1172 1117 1213; x_wconf 86' lang='lat' dir='ltr'><strong>collegimus,</strong></span> <span class='ocrx_word' id='word_1_230' title='bbox 1143 1183 1204 1203; x_wconf 90' lang='lat' dir='ltr'><strong>non</strong></span> <span class='ocrx_word' id='word_1_231' title='bbox 1221 1172 1313 1203; x_wconf 78' lang='lat' dir='ltr'><strong>licere</strong></span> <span class='ocrx_word' id='word_1_232' title='bbox 1331 1182 1369 1202; x_wconf 88' lang='lat' dir='ltr'><strong>ne</strong></span> <span class='ocrx_word' id='word_1_233' title='bbox 1391 1172 1420 1202; x_wconf 93' lang='lat' dir='ltr'><strong>in</strong></span> <span class='ocrx_word' id='word_1_234' title='bbox 1438 1170 1608 1203; x_wconf 82' lang='lat' dir='ltr'><strong>Planciana</strong></span> <span class='ocrx_word' id='word_1_235' title='bbox 1623 1171 1747 1213; x_wconf 90' lang='lat' dir='ltr'><strong>quidem</strong></span> <span class='ocrx_word' id='word_1_236' title='bbox 1769 1172 1935 1214; x_wconf 82' lang='lat' dir='ltr'><strong>quiequam</strong></span> 
     </span>
     <span class='ocr_line' id='line_1_20' title="bbox 384 1226 1935 1269; baseline 0 -10"><span class='ocrx_word' id='word_1_237' title='bbox 384 1230 415 1260; x_wconf 87' lang='lat' dir='ltr'><strong>in</strong></span> <span class='ocrx_word' id='word_1_238' title='bbox 441 1230 502 1260; x_wconf 88' lang='lat' dir='ltr'><strong>ista</strong></span> <span class='ocrx_word' id='word_1_239' title='bbox 525 1228 731 1260; x_wconf 83' lang='lat' dir='ltr'><strong>collocatione</strong></span> <span class='ocrx_word' id='word_1_240' title='bbox 754 1228 894 1259; x_wconf 66' lang='lat' dir='ltr'><strong>tribunus</strong></span> <span class='ocrx_word' id='word_1_241' title='bbox 917 1229 950 1258; x_wconf 85' lang='lat' dir='ltr'><strong>in</strong></span> <span class='ocrx_word' id='word_1_242' title='bbox 973 1228 1158 1259; x_wconf 80' lang='lat' dir='ltr'><strong>Macedonia</strong></span> <span class='ocrx_word' id='word_1_243' title='bbox 1179 1228 1311 1258; x_wconf 81' lang='lat' dir='ltr'><strong>militum</strong></span> <span class='ocrx_word' id='word_1_244' title='bbox 1335 1228 1450 1258; x_wconf 84' lang='lat' dir='ltr'><strong>moveri</strong></span> <span class='ocrx_word' id='word_1_245' title='bbox 1475 1233 1506 1258; x_wconf 89' lang='lat' dir='ltr'><strong>et</strong></span> <span class='ocrx_word' id='word_1_246' title='bbox 1526 1226 1670 1259; x_wconf 83' lang='lat' dir='ltr'><strong>Ciceroni</strong></span> <span class='ocrx_word' id='word_1_247' title='bbox 1695 1228 1935 1269; x_wconf 88' lang='lat' dir='ltr'><strong>permittendum</strong></span> 
     </span>
     <span class='ocr_line' id='line_1_21' title="bbox 384 1283 1936 1327; baseline 0 -11"><span class='ocrx_word' id='word_1_248' title='bbox 384 1296 463 1324; x_wconf 81' lang='lat' dir='ltr'><strong>esse,</strong></span> <span class='ocrx_word' id='word_1_249' title='bbox 489 1290 522 1316; x_wconf 90' lang='lat' dir='ltr'><strong>ut</strong></span> <span class='ocrx_word' id='word_1_250' title='bbox 546 1295 780 1326; x_wconf 79' lang='lat' dir='ltr'><strong>nonnumquam</strong></span> <span class='ocrx_word' id='word_1_251' title='bbox 806 1285 854 1316; x_wconf 88' lang='lat' dir='ltr'><strong>vel</strong></span> <span class='ocrx_word' id='word_1_252' title='bbox 876 1284 957 1315; x_wconf 82' lang='lat' dir='ltr'><strong>infra</strong></span> <span class='ocrx_word' id='word_1_253' title='bbox 985 1284 1117 1316; x_wconf 83' lang='lat' dir='ltr'><strong>tironem</strong></span> <span class='ocrx_word' id='word_1_254' title='bbox 1147 1289 1302 1326; x_wconf 82' lang='lat' dir='ltr'><strong>peccaret:</strong></span> <span class='ocrx_word' id='word_1_255' title='bbox 1332 1284 1391 1315; x_wconf 88' lang='lat' dir='ltr'><strong>nisi</strong></span> <span class='ocrx_word' id='word_1_256' title='bbox 1415 1284 1469 1325; x_wconf 91' lang='lat' dir='ltr'><strong>qui</strong></span> <span class='ocrx_word' id='word_1_257' title='bbox 1496 1283 1576 1315; x_wconf 84' lang='lat' dir='ltr'><strong>forte</strong></span> <span class='ocrx_word' id='word_1_258' title='bbox 1598 1284 1643 1316; x_wconf 84' lang='lat' dir='ltr'><strong>ita</strong></span> <span class='ocrx_word' id='word_1_259' title='bbox 1664 1285 1801 1326; x_wconf 79' lang='lat' dir='ltr'><strong>argutari</strong></span> <span class='ocrx_word' id='word_1_260' title='bbox 1827 1285 1936 1327; x_wconf 91' lang='lat' dir='ltr'><strong>incipit</strong></span> 
     </span>
     <span class='ocr_line' id='line_1_22' title="bbox 382 1340 1935 1383; baseline 0.001 -11"><span class='ocrx_word' id='word_1_261' title='bbox 382 1342 464 1372; x_wconf 90' lang='lat' dir='ltr'><strong>inter</strong></span> <span class='ocrx_word' id='word_1_262' title='bbox 487 1341 541 1372; x_wconf 90' lang='lat' dir='ltr'><strong>illa</strong></span> <span class='ocrx_word' id='word_1_263' title='bbox 565 1341 625 1372; x_wconf 92' lang='lat' dir='ltr'><strong>duo</strong></span> <span class='ocrx_word' id='word_1_264' title='bbox 649 1341 777 1372; x_wconf 87' lang='lat' dir='ltr'><strong>nomina</strong></span> <span class='ocrx_word' id='word_1_265' title='bbox 801 1341 830 1371; x_wconf 85' lang='lat' dir='ltr'><strong>in</strong></span> <span class='ocrx_word' id='word_1_266' title='bbox 856 1341 947 1371; x_wconf 89' lang='lat' dir='ltr'><strong>unius</strong></span> <span class='ocrx_word' id='word_1_267' title='bbox 972 1341 1171 1380; x_wconf 76' lang='lat' dir='ltr'><strong>magistratus</strong></span> <span class='ocrx_word' id='word_1_268' title='bbox 1196 1340 1458 1380; x_wconf 82' lang='lat' dir='ltr'><strong>significationem</strong></span> <span class='ocrx_word' id='word_1_269' title='bbox 1481 1340 1626 1371; x_wconf 87' lang='lat' dir='ltr'><strong>coeuntia</strong></span> <span class='ocrx_word' id='word_1_270' title='bbox 1647 1346 1682 1372; x_wconf 79' lang='lat' dir='ltr'><strong>ut</strong></span> <span class='ocrx_word' id='word_1_271' title='bbox 1703 1342 1786 1372; x_wconf 67' lang='lat' dir='ltr'><strong>scitis</strong></span> <span class='ocrx_word' id='word_1_272' title='bbox 1809 1341 1935 1383; x_wconf 89' lang='lat' dir='ltr'><strong>quidem</strong></span> 
     </span>
     <span class='ocr_line' id='line_1_23' title="bbox 383 1383 1466 1437; baseline -0.003 -8"><span class='ocrx_word' id='word_1_273' title='bbox 383 1398 479 1429; x_wconf 90' lang='lat' dir='ltr'><strong>verba</strong></span> <span class='ocrx_word' id='word_1_274' title='bbox 503 1397 606 1429; x_wconf 89' lang='lat' dir='ltr'><strong>media</strong></span> <span class='ocrx_word' id='word_1_275' title='bbox 629 1403 721 1437; x_wconf 84' lang='lat' dir='ltr'><strong>recte,</strong></span> <span class='ocrx_word' id='word_1_276' title='bbox 746 1407 808 1428; x_wconf 92' lang='lat' dir='ltr'><strong>non</strong></span> <span class='ocrx_word' id='word_1_277' title='bbox 833 1402 915 1427; x_wconf 82' lang='lat' dir='ltr'><strong>reete</strong></span> <span class='ocrx_word' id='word_1_278' title='bbox 938 1398 972 1427; x_wconf 82' lang='lat' dir='ltr'><strong>in</strong></span> <span class='ocrx_word' id='word_1_279' title='bbox 996 1396 1180 1427; x_wconf 80' lang='lat' dir='ltr'><strong>Macedonia</strong></span> <span class='ocrx_word' id='word_1_280' title='bbox 1203 1406 1271 1427; x_wconf 87' lang='lat' dir='ltr'><strong>esse</strong></span> <span class='ocrx_word' id='word_1_281' title='bbox 1294 1383 1466 1427; x_wconf 73' lang='lat' dir='ltr'><strong>interiecta.</strong></span> 
     </span>
    </p>

    <p class='ocr_par' dir='ltr' id='par_1_3' title="bbox 382 1452 1934 1653">
     <span class='ocr_line' id='line_1_24' title="bbox 537 1452 1933 1495; baseline -0.001 -10"><span class='ocrx_word' id='word_1_282' title='bbox 537 1454 607 1485; x_wconf 91' lang='lat' dir='ltr'><strong>Non</strong></span> <span class='ocrx_word' id='word_1_283' title='bbox 632 1453 848 1495; x_wconf 81' lang='lat' dir='ltr'><strong>persequimur</strong></span> <span class='ocrx_word' id='word_1_284' title='bbox 871 1453 1087 1494; x_wconf 89' lang='lat' dir='ltr'><strong>quaestionem</strong></span> <span class='ocrx_word' id='word_1_285' title='bbox 1102 1452 1288 1483; x_wconf 83' lang='lat' dir='ltr'><strong>uberrimam</strong></span> <span class='ocrx_word' id='word_1_286' title='bbox 1305 1462 1385 1493; x_wconf 88' lang='lat' dir='ltr'><strong>quae</strong></span> <span class='ocrx_word' id='word_1_287' title='bbox 1409 1457 1457 1483; x_wconf 86' lang='lat' dir='ltr'><strong>est</strong></span> <span class='ocrx_word' id='word_1_288' title='bbox 1479 1452 1517 1483; x_wconf 88' lang='lat' dir='ltr'><strong>de</strong></span> <span class='ocrx_word' id='word_1_289' title='bbox 1539 1453 1742 1484; x_wconf 86' lang='lat' dir='ltr'><strong>collocatione</strong></span> <span class='ocrx_word' id='word_1_290' title='bbox 1760 1453 1933 1493; x_wconf 86' lang='lat' dir='ltr'><strong>verborum,</strong></span> 
     </span>
     <span class='ocr_line' id='line_1_25' title="bbox 383 1507 1934 1551; baseline -0.001 -10"><span class='ocrx_word' id='word_1_291' title='bbox 383 1521 475 1551; x_wconf 89' lang='lat' dir='ltr'><strong>quam</strong></span> <span class='ocrx_word' id='word_1_292' title='bbox 500 1515 531 1541; x_wconf 89' lang='lat' dir='ltr'><strong>et</strong></span> <span class='ocrx_word' id='word_1_293' title='bbox 554 1521 611 1541; x_wconf 92' lang='lat' dir='ltr'><strong>nos</strong></span> <span class='ocrx_word' id='word_1_294' title='bbox 635 1509 710 1541; x_wconf 85' lang='lat' dir='ltr'><strong>alibi</strong></span> <span class='ocrx_word' id='word_1_295' title='bbox 734 1509 975 1550; x_wconf 83' lang='lat' dir='ltr'><strong>perstrinximus</strong></span> <span class='ocrx_word' id='word_1_296' title='bbox 1000 1513 1030 1539; x_wconf 91' lang='lat' dir='ltr'><strong>et</strong></span> <span class='ocrx_word' id='word_1_297' title='bbox 1052 1519 1151 1549; x_wconf 89' lang='lat' dir='ltr'><strong>nuper</strong></span> <span class='ocrx_word' id='word_1_298' title='bbox 1175 1507 1340 1539; x_wconf 84' lang='lat' dir='ltr'><strong>Eduardus</strong></span> <span class='ocrx_word' id='word_1_299' title='bbox 1363 1508 1529 1540; x_wconf 73' lang='lat' dir='ltr'><strong>Not-denus</strong></span> <span class='ocrx_word' id='word_1_300' title='bbox 1558 1509 1710 1540; x_wconf 83' lang='lat' dir='ltr'><strong>curiosius</strong></span> <span class='ocrx_word' id='word_1_301' title='bbox 1734 1510 1880 1540; x_wconf 88' lang='lat' dir='ltr'><strong>tractavit</strong></span> <span class='ocrx_word' id='word_1_302' title='bbox 1902 1510 1934 1540; x_wconf 91' lang='lat' dir='ltr'><strong>in</strong></span> 
     </span>
     <span class='ocr_line' id='line_1_26' title="bbox 382 1564 1933 1607; baseline -0.001 -10"><span class='ocrx_word' id='word_1_303' title='bbox 382 1567 464 1598; x_wconf 91' lang='lat' dir='ltr'><strong>libro</strong></span> <span class='ocrx_word' id='word_1_304' title='bbox 481 1566 605 1607; x_wconf 77' lang='lat' dir='ltr'><strong>egregio</strong></span> <span class='ocrx_word' id='word_1_305' title='bbox 621 1576 683 1607; x_wconf 89' lang='lat' dir='ltr'><strong>quo</strong></span> <span class='ocrx_word' id='word_1_306' title='bbox 701 1565 854 1597; x_wconf 89' lang='lat' dir='ltr'><strong>sermonis</strong></span> <span class='ocrx_word' id='word_1_307' title='bbox 870 1564 1024 1606; x_wconf 85' lang='lat' dir='ltr'><strong>pedestris</strong></span> <span class='ocrx_word' id='word_1_308' title='bbox 1040 1564 1147 1596; x_wconf 86' lang='lat' dir='ltr'><strong>Latini</strong></span> <span class='ocrx_word' id='word_1_309' title='bbox 1163 1564 1295 1595; x_wconf 86' lang='lat' dir='ltr'><strong>artificia</strong></span> <span class='ocrx_word' id='word_1_310' title='bbox 1311 1564 1492 1606; x_wconf 84' lang='lat' dir='ltr'><strong>complexus</strong></span> <span class='ocrx_word' id='word_1_311' title='bbox 1513 1570 1569 1597; x_wconf 87' lang='lat' dir='ltr'><strong>est.</strong></span> <span class='ocrx_word' id='word_1_312' title='bbox 1604 1565 1696 1597; x_wconf 88' lang='lat' dir='ltr'><strong>Nunc</strong></span> <span class='ocrx_word' id='word_1_313' title='bbox 1719 1565 1801 1596; x_wconf 89' lang='lat' dir='ltr'><strong>viam</strong></span> <span class='ocrx_word' id='word_1_314' title='bbox 1825 1565 1933 1597; x_wconf 89' lang='lat' dir='ltr'><strong>initam</strong></span> 
     </span>
     <span class='ocr_line' id='line_1_27' title="bbox 383 1629 537 1653; baseline 0 0"><span class='ocrx_word' id='word_1_315' title='bbox 383 1629 537 1653; x_wconf 84' lang='lat' dir='ltr'><strong>tenemus.</strong></span> 
     </span>
    </p>

    <p class='ocr_par' dir='ltr' id='par_1_4' title="bbox 539 1675 1332 1718">
     <span class='ocr_line' id='line_1_28' title="bbox 539 1675 1332 1718; baseline -0.001 -11"><span class='ocrx_word' id='word_1_316' title='bbox 539 1677 576 1708; x_wconf 92' lang='lat' dir='ltr'><strong>In</strong></span> <span class='ocrx_word' id='word_1_317' title='bbox 601 1676 777 1718; x_wconf 83' lang='lat' dir='ltr'><strong>Philippica</strong></span> <span class='ocrx_word' id='word_1_318' title='bbox 799 1685 834 1708; x_wconf 72' lang='lat'><strong>11</strong></span> <span class='ocrx_word' id='word_1_319' title='bbox 857 1687 883 1707; x_wconf 90' lang='lat' dir='ltr'><strong>c.</strong></span> <span class='ocrx_word' id='word_1_320' title='bbox 901 1677 930 1715; x_wconf 88' lang='grc'><strong>6,</strong></span> <span class='ocrx_word' id='word_1_321' title='bbox 958 1677 997 1707; x_wconf 90' lang='grc'><strong>14</strong></span> <span class='ocrx_word' id='word_1_322' title='bbox 1021 1675 1097 1706; x_wconf 85' lang='lat' dir='ltr'><strong>haec</strong></span> <span class='ocrx_word' id='word_1_323' title='bbox 1120 1676 1236 1717; x_wconf 88' lang='lat' dir='ltr'><strong>scripta</strong></span> <span class='ocrx_word' id='word_1_324' title='bbox 1258 1681 1332 1707; x_wconf 90' lang='lat' dir='ltr'><strong>sunt</strong></span> 
     </span>
    </p>

    <p class='ocr_par' dir='ltr' id='par_1_5' title="bbox 643 1732 1933 1776">
     <span class='ocr_line' id='line_1_29' title="bbox 643 1732 1933 1776; baseline 0.001 -12"><span class='ocrx_word' id='word_1_325' title='bbox 643 1734 741 1764; x_wconf 77' lang='lat' dir='ltr'><strong>lumen</strong></span> <span class='ocrx_word' id='word_1_326' title='bbox 758 1739 786 1764; x_wconf 75' lang='lat' dir='ltr'><strong>et</strong></span> <span class='ocrx_word' id='word_1_327' title='bbox 800 1733 891 1764; x_wconf 75' lang='lat' dir='ltr'><strong>decue</strong></span> <span class='ocrx_word' id='word_1_328' title='bbox 906 1733 991 1763; x_wconf 71' lang='lat' dir='ltr'><strong>illiue</strong></span> <span class='ocrx_word' id='word_1_329' title='bbox 1007 1734 1156 1763; x_wconf 70' lang='lat' dir='ltr'><strong>exercitus</strong></span> <span class='ocrx_word' id='word_1_330' title='bbox 1166 1743 1267 1774; x_wconf 74' lang='lat' dir='ltr'><strong>paene</strong></span> <span class='ocrx_word' id='word_1_331' title='bbox 1280 1734 1437 1773; x_wconf 83' lang='lat' dir='ltr'><strong>praeterii,</strong></span> <span class='ocrx_word' id='word_1_332' title='bbox 1459 1732 1493 1764; x_wconf 88' lang='lat' dir='ltr'><strong>T.</strong></span> <span class='ocrx_word' id='word_1_333' title='bbox 1507 1734 1646 1764; x_wconf 79' lang='lat' dir='ltr'><strong>Annium</strong></span> <span class='ocrx_word' id='word_1_334' title='bbox 1661 1733 1827 1774; x_wconf 81' lang='lat' dir='ltr'><strong>Cimbrum,</strong></span> <span class='ocrx_word' id='word_1_335' title='bbox 1844 1734 1933 1776; x_wconf 72' lang='lat' dir='ltr'><strong>Lyci-</strong></span> 
     </span>
    </p>

    <p class='ocr_par' dir='ltr' id='par_1_6' title="bbox 642 1788 1933 1831">
     <span class='ocr_line' id='line_1_30' title="bbox 642 1788 1933 1831; baseline 0.001 -11"><span class='ocrx_word' id='word_1_336' title='bbox 642 1790 706 1820; x_wconf 84' lang='lat' dir='ltr'><strong>dioi</strong></span> <span class='ocrx_word' id='word_1_337' title='bbox 718 1789 832 1828; x_wconf 86' lang='lat' dir='ltr'><strong>filium,</strong></span> <span class='ocrx_word' id='word_1_338' title='bbox 857 1789 1037 1830; x_wconf 66' lang='lat' dir='ltr'><strong>Lysidicum</strong></span> <span class='ocrx_word' id='word_1_339' title='bbox 1054 1790 1156 1830; x_wconf 72' lang='lat' dir='ltr'><strong>ipsum</strong></span> <span class='ocrx_word' id='word_1_340' title='bbox 1177 1788 1315 1820; x_wconf 81' lang='lat' dir='ltr'><strong>Graeco</strong></span> <span class='ocrx_word' id='word_1_341' title='bbox 1339 1788 1462 1828; x_wconf 84' lang='lat' dir='ltr'><strong>verbo,</strong></span> <span class='ocrx_word' id='word_1_342' title='bbox 1487 1790 1634 1831; x_wconf 82' lang='lat' dir='ltr'><strong>quoniam</strong></span> <span class='ocrx_word' id='word_1_343' title='bbox 1653 1791 1756 1821; x_wconf 86' lang='lat' dir='ltr'><strong>omnia</strong></span> <span class='ocrx_word' id='word_1_344' title='bbox 1778 1791 1850 1821; x_wconf 82' lang='lat' dir='ltr'><strong>iura</strong></span> <span class='ocrx_word' id='word_1_345' title='bbox 1873 1791 1933 1821; x_wconf 78' lang='lat' dir='ltr'><strong>die-</strong></span> 
     </span>
    </p>

    <p class='ocr_par' dir='ltr' id='par_1_7' title="bbox 378 1843 1935 2451">
     <span class='ocr_line' id='line_1_31' title="bbox 640 1843 1500 1886; baseline 0 -10"><span class='ocrx_word' id='word_1_346' title='bbox 640 1846 731 1877; x_wconf 78' lang='lat' dir='ltr'><strong>eolvit</strong></span> <span class='ocrx_word' id='word_1_347' title='bbox 751 1846 816 1876; x_wconf 71' lang='lat' dir='ltr'><strong>nisi</strong></span> <span class='ocrx_word' id='word_1_348' title='bbox 826 1845 916 1886; x_wconf 78' lang='lat' dir='ltr'><strong>sorte</strong></span> <span class='ocrx_word' id='word_1_349' title='bbox 936 1846 1005 1876; x_wconf 85' lang='lat' dir='ltr'><strong>iure</strong></span> <span class='ocrx_word' id='word_1_350' title='bbox 1030 1843 1217 1877; x_wconf 76' lang='lat' dir='ltr'><strong>Germanum</strong></span> <span class='ocrx_word' id='word_1_351' title='bbox 1240 1844 1359 1876; x_wconf 77' lang='lat' dir='ltr'><strong>Cimber</strong></span> <span class='ocrx_word' id='word_1_352' title='bbox 1381 1846 1500 1876; x_wconf 77' lang='lat' dir='ltr'><strong>occidit.</strong></span> 
     </span>
     <span class='ocr_line' id='line_1_32' title="bbox 381 1900 1934 1942; baseline 0.001 -10"><span class='ocrx_word' id='word_1_353' title='bbox 381 1902 488 1933; x_wconf 88' lang='lat' dir='ltr'><strong>Verba</strong></span> <span class='ocrx_word' id='word_1_354' title='bbox 505 1901 623 1932; x_wconf 81' lang='lat' dir='ltr'><strong>Graeco</strong></span> <span class='ocrx_word' id='word_1_355' title='bbox 641 1901 728 1932; x_wconf 80' lang='lat' dir='ltr'><strong>verbo</strong></span> <span class='ocrx_word' id='word_1_356' title='bbox 749 1901 821 1932; x_wconf 90' lang='lat' dir='ltr'><strong>inde</strong></span> <span class='ocrx_word' id='word_1_357' title='bbox 838 1912 857 1931; x_wconf 88' lang='lat' dir='ltr'><strong>a</strong></span> <span class='ocrx_word' id='word_1_358' title='bbox 873 1901 1014 1931; x_wconf 86' lang='lat' dir='ltr'><strong>Manutio</strong></span> <span class='ocrx_word' id='word_1_359' title='bbox 1035 1901 1156 1931; x_wconf 88' lang='lat' dir='ltr'><strong>inclusa</strong></span> <span class='ocrx_word' id='word_1_360' title='bbox 1176 1900 1326 1940; x_wconf 87' lang='lat' dir='ltr'><strong>feruntur,</strong></span> <span class='ocrx_word' id='word_1_361' title='bbox 1351 1905 1382 1931; x_wconf 89' lang='lat' dir='ltr'><strong>et</strong></span> <span class='ocrx_word' id='word_1_362' title='bbox 1405 1901 1478 1931; x_wconf 84' lang='lat' dir='ltr'><strong>licet</strong></span> <span class='ocrx_word' id='word_1_363' title='bbox 1499 1912 1559 1931; x_wconf 90' lang='lat' dir='ltr'><strong>non</strong></span> <span class='ocrx_word' id='word_1_364' title='bbox 1581 1901 1736 1932; x_wconf 84' lang='lat' dir='ltr'><strong>defuerint</strong></span> <span class='ocrx_word' id='word_1_365' title='bbox 1755 1902 1810 1942; x_wconf 89' lang='lat' dir='ltr'><strong>qui</strong></span> <span class='ocrx_word' id='word_1_366' title='bbox 1825 1908 1934 1933; x_wconf 89' lang='lat' dir='ltr'><strong>eontra</strong></span> 
     </span>
     <span class='ocr_line' id='line_1_33' title="bbox 382 1956 1933 1999; baseline 0.001 -11"><span class='ocrx_word' id='word_1_367' title='bbox 382 1958 542 1997; x_wconf 87' lang='lat' dir='ltr'><strong>sentirent,</strong></span> <span class='ocrx_word' id='word_1_368' title='bbox 568 1957 773 1988; x_wconf 86' lang='lat' dir='ltr'><strong>novissimum</strong></span> <span class='ocrx_word' id='word_1_369' title='bbox 800 1956 949 1987; x_wconf 91' lang='lat' dir='ltr'><strong>editorem</strong></span> <span class='ocrx_word' id='word_1_370' title='bbox 972 1967 1033 1987; x_wconf 91' lang='lat' dir='ltr'><strong>non</strong></span> <span class='ocrx_word' id='word_1_371' title='bbox 1058 1961 1230 1995; x_wconf 88' lang='lat' dir='ltr'><strong>moverunt,</strong></span> <span class='ocrx_word' id='word_1_372' title='bbox 1256 1956 1309 1997; x_wconf 90' lang='lat' dir='ltr'><strong>qui</strong></span> <span class='ocrx_word' id='word_1_373' title='bbox 1333 1956 1410 1987; x_wconf 84' lang='lat' dir='ltr'><strong>haec</strong></span> <span class='ocrx_word' id='word_1_374' title='bbox 1433 1967 1556 1998; x_wconf 89' lang='lat' dir='ltr'><strong>quoque</strong></span> <span class='ocrx_word' id='word_1_375' title='bbox 1579 1957 1666 1989; x_wconf 87' lang='lat' dir='ltr'><strong>uncis</strong></span> <span class='ocrx_word' id='word_1_376' title='bbox 1687 1957 1838 1989; x_wconf 88' lang='lat' dir='ltr'><strong>adhibitis</strong></span> <span class='ocrx_word' id='word_1_377' title='bbox 1864 1969 1933 1999; x_wconf 89' lang='lat' dir='ltr'><strong>pro-</strong></span> 
     </span>
     <span class='ocr_line' id='line_1_34' title="bbox 381 2012 1931 2056; baseline 0.001 -11"><span class='ocrx_word' id='word_1_378' title='bbox 381 2014 516 2056; x_wconf 88' lang='lat' dir='ltr'><strong>scripsit.</strong></span> <span class='ocrx_word' id='word_1_379' title='bbox 541 2012 630 2052; x_wconf 77' lang='lat' dir='ltr'><strong>Quae</strong></span> <span class='ocrx_word' id='word_1_380' title='bbox 645 2014 740 2045; x_wconf 86' lang='lat' dir='ltr'><strong>verba</strong></span> <span class='ocrx_word' id='word_1_381' title='bbox 752 2013 954 2045; x_wconf 87' lang='lat' dir='ltr'><strong>vehementer</strong></span> <span class='ocrx_word' id='word_1_382' title='bbox 966 2013 1145 2044; x_wconf 86' lang='lat' dir='ltr'><strong>dubitamus</strong></span> <span class='ocrx_word' id='word_1_383' title='bbox 1162 2013 1359 2054; x_wconf 82' lang='lat' dir='ltr'><strong>potuerintne</strong></span> <span class='ocrx_word' id='word_1_384' title='bbox 1374 2013 1502 2044; x_wconf 89' lang='lat' dir='ltr'><strong>omnino</strong></span> <span class='ocrx_word' id='word_1_385' title='bbox 1518 2013 1586 2044; x_wconf 87' lang='lat' dir='ltr'><strong>sine</strong></span> <span class='ocrx_word' id='word_1_386' title='bbox 1603 2013 1789 2045; x_wconf 88' lang='lat' dir='ltr'><strong>detrimento</strong></span> <span class='ocrx_word' id='word_1_387' title='bbox 1806 2014 1931 2046; x_wconf 87' lang='lat' dir='ltr'><strong>abesse:</strong></span> 
     </span>
     <span class='ocr_line' id='line_1_35' title="bbox 381 2068 1931 2111; baseline 0 -10"><span class='ocrx_word' id='word_1_388' title='bbox 381 2070 459 2102; x_wconf 89' lang='lat' dir='ltr'><strong>illud</strong></span> <span class='ocrx_word' id='word_1_389' title='bbox 481 2070 608 2101; x_wconf 90' lang='lat' dir='ltr'><strong>minime</strong></span> <span class='ocrx_word' id='word_1_390' title='bbox 625 2070 753 2101; x_wconf 91' lang='lat' dir='ltr'><strong>dubium</strong></span> <span class='ocrx_word' id='word_1_391' title='bbox 771 2070 872 2110; x_wconf 87' lang='lat' dir='ltr'><strong>nobis,</strong></span> <span class='ocrx_word' id='word_1_392' title='bbox 897 2081 959 2111; x_wconf 92' lang='lat' dir='ltr'><strong>quo</strong></span> <span class='ocrx_word' id='word_1_393' title='bbox 976 2069 1107 2100; x_wconf 89' lang='lat' dir='ltr'><strong>consilio</strong></span> <span class='ocrx_word' id='word_1_394' title='bbox 1124 2070 1163 2100; x_wconf 89' lang='lat' dir='ltr'><strong>ab</strong></span> <span class='ocrx_word' id='word_1_395' title='bbox 1180 2069 1248 2110; x_wconf 87' lang='lat' dir='ltr'><strong>ipso</strong></span> <span class='ocrx_word' id='word_1_396' title='bbox 1264 2075 1385 2100; x_wconf 86' lang='lat' dir='ltr'><strong>oratore</strong></span> <span class='ocrx_word' id='word_1_397' title='bbox 1401 2068 1509 2099; x_wconf 88' lang='lat' dir='ltr'><strong>addita</strong></span> <span class='ocrx_word' id='word_1_398' title='bbox 1523 2068 1647 2109; x_wconf 85' lang='lat' dir='ltr'><strong>fuerint,</strong></span> <span class='ocrx_word' id='word_1_399' title='bbox 1672 2069 1815 2111; x_wconf 83' lang='lat' dir='ltr'><strong>quiquia</strong></span> <span class='ocrx_word' id='word_1_400' title='bbox 1829 2070 1931 2102; x_wconf 88' lang='lat' dir='ltr'><strong>lusum</strong></span> 
     </span>
     <span class='ocr_line' id='line_1_36' title="bbox 380 2125 1931 2168; baseline 0.001 -11"><span class='ocrx_word' id='word_1_401' title='bbox 380 2132 486 2168; x_wconf 83' lang='lat' dir='ltr'><strong>captat</strong></span> <span class='ocrx_word' id='word_1_402' title='bbox 501 2127 540 2157; x_wconf 94' lang='lat' dir='ltr'><strong>ab</strong></span> <span class='ocrx_word' id='word_1_403' title='bbox 558 2126 791 2168; x_wconf 82' lang='lat' dir='ltr'><strong>interpretanda</strong></span> <span class='ocrx_word' id='word_1_404' title='bbox 806 2125 920 2158; x_wconf 88' lang='lat' dir='ltr'><strong>Graeci</strong></span> <span class='ocrx_word' id='word_1_405' title='bbox 938 2126 1071 2157; x_wconf 87' lang='lat' dir='ltr'><strong>nominis</strong></span> <span class='ocrx_word' id='word_1_406' title='bbox 1088 2126 1252 2164; x_wconf 83' lang='lat' dir='ltr'><strong>sententia,</strong></span> <span class='ocrx_word' id='word_1_407' title='bbox 1277 2136 1338 2166; x_wconf 92' lang='lat' dir='ltr'><strong>quo</strong></span> <span class='ocrx_word' id='word_1_408' title='bbox 1358 2125 1429 2157; x_wconf 90' lang='lat' dir='ltr'><strong>lusu</strong></span> <span class='ocrx_word' id='word_1_409' title='bbox 1445 2136 1538 2167; x_wconf 85' lang='lat' dir='ltr'><strong>saepe</strong></span> <span class='ocrx_word' id='word_1_410' title='bbox 1560 2130 1679 2158; x_wconf 84' lang='lat' dir='ltr'><strong>veteres</strong></span> <span class='ocrx_word' id='word_1_411' title='bbox 1705 2131 1839 2166; x_wconf 87' lang='lat' dir='ltr'><strong>utuntur,</strong></span> <span class='ocrx_word' id='word_1_412' title='bbox 1865 2127 1931 2159; x_wconf 87' lang='lat' dir='ltr'><strong>eius</strong></span> 
     </span>
     <span class='ocr_line' id='line_1_37' title="bbox 380 2181 1933 2225; baseline 0 -11"><span class='ocrx_word' id='word_1_413' title='bbox 380 2183 517 2214; x_wconf 86' lang='lat' dir='ltr'><strong>nominis</strong></span> <span class='ocrx_word' id='word_1_414' title='bbox 534 2183 597 2213; x_wconf 91' lang='lat' dir='ltr'><strong>vim</strong></span> <span class='ocrx_word' id='word_1_415' title='bbox 613 2183 731 2214; x_wconf 80' lang='lat' dir='ltr'><strong>attendi</strong></span> <span class='ocrx_word' id='word_1_416' title='bbox 748 2183 848 2214; x_wconf 84' lang='lat' dir='ltr'><strong>voluit</strong></span> <span class='ocrx_word' id='word_1_417' title='bbox 863 2193 942 2224; x_wconf 85' lang='lat' dir='ltr'><strong>quae</strong></span> <span class='ocrx_word' id='word_1_418' title='bbox 959 2182 1019 2213; x_wconf 88' lang='lat' dir='ltr'><strong>nisi</strong></span> <span class='ocrx_word' id='word_1_419' title='bbox 1041 2183 1073 2213; x_wconf 88' lang='lat' dir='ltr'><strong>in</strong></span> <span class='ocrx_word' id='word_1_420' title='bbox 1090 2181 1212 2213; x_wconf 82' lang='lat' dir='ltr'><strong>Graeco</strong></span> <span class='ocrx_word' id='word_1_421' title='bbox 1229 2192 1371 2213; x_wconf 86' lang='lat' dir='ltr'><strong>sermone</strong></span> <span class='ocrx_word' id='word_1_422' title='bbox 1395 2181 1506 2223; x_wconf 83' lang='lat' dir='ltr'><strong>dispici</strong></span> <span class='ocrx_word' id='word_1_423' title='bbox 1528 2193 1590 2213; x_wconf 87' lang='lat' dir='ltr'><strong>non</strong></span> <span class='ocrx_word' id='word_1_424' title='bbox 1611 2187 1730 2224; x_wconf 83' lang='lat' dir='ltr'><strong>potest3</strong></span> <span class='ocrx_word' id='word_1_425' title='bbox 1755 2194 1827 2214; x_wconf 88' lang='lat' dir='ltr'><strong>nam</strong></span> <span class='ocrx_word' id='word_1_426' title='bbox 1843 2183 1933 2225; x_wconf 60' lang='lat' dir='ltr'><strong>Lysi-</strong></span> 
     </span>
     <span class='ocr_line' id='line_1_38' title="bbox 379 2238 1935 2281; baseline 0 -9"><span class='ocrx_word' id='word_1_427' title='bbox 379 2241 467 2272; x_wconf 75' lang='lat' dir='ltr'><strong>dicue</strong></span> <span class='ocrx_word' id='word_1_428' title='bbox 491 2251 548 2271; x_wconf 88' lang='lat' dir='ltr'><strong>usu</strong></span> <span class='ocrx_word' id='word_1_429' title='bbox 572 2250 683 2271; x_wconf 86' lang='lat' dir='ltr'><strong>nomen</strong></span> <span class='ocrx_word' id='word_1_430' title='bbox 701 2239 849 2271; x_wconf 88' lang='lat' dir='ltr'><strong>Latinum</strong></span> <span class='ocrx_word' id='word_1_431' title='bbox 872 2239 987 2271; x_wconf 84' lang='lat' dir='ltr'><strong>factum</strong></span> <span class='ocrx_word' id='word_1_432' title='bbox 1005 2245 1061 2279; x_wconf 90' lang='lat' dir='ltr'><strong>est,</strong></span> <span class='ocrx_word' id='word_1_433' title='bbox 1087 2239 1174 2270; x_wconf 89' lang='lat' dir='ltr'><strong>cuius</strong></span> <span class='ocrx_word' id='word_1_434' title='bbox 1199 2239 1386 2280; x_wconf 85' lang='lat' dir='ltr'><strong>significatio</strong></span> <span class='ocrx_word' id='word_1_435' title='bbox 1411 2250 1472 2270; x_wconf 92' lang='lat' dir='ltr'><strong>non</strong></span> <span class='ocrx_word' id='word_1_436' title='bbox 1496 2239 1630 2271; x_wconf 88' lang='lat' dir='ltr'><strong>auditur.</strong></span> <span class='ocrx_word' id='word_1_437' title='bbox 1664 2238 1775 2281; x_wconf 88' lang='lat' dir='ltr'><strong>Itaque</strong></span> <span class='ocrx_word' id='word_1_438' title='bbox 1790 2238 1935 2281; x_wconf 64' lang='lat' dir='ltr'><strong>Lysidici</strong></span> 
     </span>
     <span class='ocr_line' id='line_1_39' title="bbox 378 2295 1932 2338; baseline 0 -10"><span class='ocrx_word' id='word_1_439' title='bbox 378 2297 484 2336; x_wconf 81' lang='lat' dir='ltr'><strong>filium</strong></span> <span class='ocrx_word' id='word_1_440' title='bbox 499 2296 682 2337; x_wconf 64' lang='lat' dir='ltr'><strong>Lysidicum</strong></span> <span class='ocrx_word' id='word_1_441' title='bbox 698 2298 800 2338; x_wconf 69' lang='lat' dir='ltr'><strong>ipsum</strong></span> <span class='ocrx_word' id='word_1_442' title='bbox 814 2295 933 2328; x_wconf 79' lang='lat' dir='ltr'><strong>Graeco</strong></span> <span class='ocrx_word' id='word_1_443' title='bbox 949 2296 1038 2327; x_wconf 83' lang='lat' dir='ltr'><strong>verbo</strong></span> <span class='ocrx_word' id='word_1_444' title='bbox 1054 2306 1123 2327; x_wconf 88' lang='lat' dir='ltr'><strong>esse</strong></span> <span class='ocrx_word' id='word_1_445' title='bbox 1140 2295 1224 2335; x_wconf 81' lang='lat' dir='ltr'><strong>dicit,</strong></span> <span class='ocrx_word' id='word_1_446' title='bbox 1243 2296 1389 2336; x_wconf 85' lang='lat' dir='ltr'><strong>quoniam</strong></span> <span class='ocrx_word' id='word_1_447' title='bbox 1403 2297 1475 2327; x_wconf 83' lang='lat' dir='ltr'><strong>iura</strong></span> <span class='ocrx_word' id='word_1_448' title='bbox 1490 2296 1642 2327; x_wconf 70' lang='lat' dir='ltr'><strong>dissolvit:</strong></span> <span class='ocrx_word' id='word_1_449' title='bbox 1658 2295 1690 2326; x_wconf 88' lang='lat' dir='ltr'><strong>id</strong></span> <span class='ocrx_word' id='word_1_450' title='bbox 1707 2306 1744 2327; x_wconf 91' lang='lat' dir='ltr'><strong>eo</strong></span> <span class='ocrx_word' id='word_1_451' title='bbox 1759 2295 1823 2327; x_wconf 85' lang='lat' dir='ltr'><strong>fere</strong></span> <span class='ocrx_word' id='word_1_452' title='bbox 1839 2307 1932 2328; x_wconf 86' lang='lat' dir='ltr'><strong>sensu</strong></span> 
     </span>
     <span class='ocr_line' id='line_1_40' title="bbox 378 2350 1930 2400; baseline 0.001 -17"><span class='ocrx_word' id='word_1_453' title='bbox 378 2363 440 2394; x_wconf 92' lang='lat' dir='ltr'><strong>quo</strong></span> <span class='ocrx_word' id='word_1_454' title='bbox 453 2353 484 2383; x_wconf 91' lang='lat' dir='ltr'><strong>in</strong></span> <span class='ocrx_word' id='word_1_455' title='bbox 498 2352 638 2392; x_wconf 80' lang='lat' dir='ltr'><strong>Legibus</strong></span> <span class='ocrx_word' id='word_1_456' title='bbox 655 2354 680 2390; x_wconf 90' lang='lat'><strong>1,</strong></span> <span class='ocrx_word' id='word_1_457' title='bbox 695 2352 746 2391; x_wconf 82' lang='lat'><strong>22,</strong></span> <span class='ocrx_word' id='word_1_458' title='bbox 756 2352 798 2384; x_wconf 84' lang='lat'><strong>58</strong></span> <span class='ocrx_word' id='word_1_459' title='bbox 811 2353 964 2394; x_wconf 72' lang='lat' dir='ltr'><strong>sapientia</strong></span> <span class='ocrx_word' id='word_1_460' title='bbox 976 2352 1021 2383; x_wconf 83' lang='lat' dir='ltr'><strong>ait</strong></span> <span class='ocrx_word' id='word_1_461' title='bbox 1032 2353 1119 2382; x_wconf 68' lang='lat' dir='ltr'><strong>cuiue</strong></span> <span class='ocrx_word' id='word_1_462' title='bbox 1132 2362 1235 2382; x_wconf 81' lang='lat' dir='ltr'><strong>amore</strong></span> <span class='ocrx_word' id='word_1_463' title='bbox 1245 2350 1364 2382; x_wconf 78' lang='lat' dir='ltr'><strong>Graeco</strong></span> <span class='ocrx_word' id='word_1_464' title='bbox 1377 2352 1465 2383; x_wconf 82' lang='lat' dir='ltr'><strong>verbo</strong></span> <span class='ocrx_word' id='word_1_465' title='bbox 1476 2352 1674 2393; x_wconf 67' lang='lat' dir='ltr'><strong>philosophia</strong></span> <span class='ocrx_word' id='word_1_466' title='bbox 1685 2362 1795 2383; x_wconf 77' lang='lat' dir='ltr'><strong>nomen</strong></span> <span class='ocrx_word' id='word_1_467' title='bbox 1806 2353 1930 2400; x_wconf 68' lang='lat' dir='ltr'><strong>invenit:</strong></span> 
     </span>
     <span class='ocr_line' id='line_1_41' title="bbox 378 2407 1933 2451; baseline 0 -11"><span class='ocrx_word' id='word_1_468' title='bbox 378 2420 480 2451; x_wconf 89' lang='lat' dir='ltr'><strong>neque</strong></span> <span class='ocrx_word' id='word_1_469' title='bbox 498 2409 580 2440; x_wconf 90' lang='lat' dir='ltr'><strong>enim</strong></span> <span class='ocrx_word' id='word_1_470' title='bbox 598 2420 617 2440; x_wconf 93' lang='lat' dir='ltr'><strong>a</strong></span> <span class='ocrx_word' id='word_1_471' title='bbox 632 2409 805 2450; x_wconf 85' lang='lat' dir='ltr'><strong>sapientiae</strong></span> <span class='ocrx_word' id='word_1_472' title='bbox 822 2420 926 2440; x_wconf 88' lang='lat' dir='ltr'><strong>amore</strong></span> <span class='ocrx_word' id='word_1_473' title='bbox 942 2408 1141 2451; x_wconf 86' lang='lat' dir='ltr'><strong>philosophia</strong></span> <span class='ocrx_word' id='word_1_474' title='bbox 1156 2408 1216 2440; x_wconf 84' lang='lat' dir='ltr'><strong>nisi</strong></span> <span class='ocrx_word' id='word_1_475' title='bbox 1233 2407 1354 2440; x_wconf 75' lang='lat' dir='ltr'><strong>Graeco</strong></span> <span class='ocrx_word' id='word_1_476' title='bbox 1367 2409 1463 2440; x_wconf 89' lang='lat' dir='ltr'><strong>verbo</strong></span> <span class='ocrx_word' id='word_1_477' title='bbox 1476 2409 1676 2440; x_wconf 75' lang='lat' dir='ltr'><strong>denominata</strong></span> <span class='ocrx_word' id='word_1_478' title='bbox 1687 2415 1743 2440; x_wconf 86' lang='lat' dir='ltr'><strong>est.</strong></span> <span class='ocrx_word' id='word_1_479' title='bbox 1766 2408 1827 2440; x_wconf 88' lang='lat' dir='ltr'><strong>Illa</strong></span> <span class='ocrx_word' id='word_1_480' title='bbox 1839 2409 1933 2450; x_wconf 85' lang='lat' dir='ltr'><strong>igitur</strong></span> 
     </span>
    </p>
   </div>
  </div>
 </body>
</html>
