2182 2740
970 173 991 205 5

207 260 235 298 3,
262 259 311 297 12,
336 259 377 290 26
404 259 509 299 qualis.
533 259 614 290 enim
635 258 693 290 tibi
712 259 766 290 ille
785 259 906 290 videtur
931 258 1062 290 Tantalo
1083 266 1254 301 proqnatue
1276 264 1334 290 cet.
1373 260 1481 301 Neque
1505 261 1615 302 qrauie
1640 258 1684 300 (v.
1707 260 1748 298 7),

205 326 262 357 pro
284 325 346 356 quo
369 320 417 346 est
439 315 472 346 in
495 315 593 346 altero
615 315 722 347 codice
741 325 860 357 ynam
881 313 930 355 (ut
951 327 980 347 v.
999 317 1035 347 11
1062 327 1117 357 pro
1137 317 1246 358 yrauie
1268 316 1347 347 alter
1366 317 1476 358 yraiue
1498 316 1648 356 exhibet),
1672 317 1749 348 satis

206 371 282 401 certi
306 381 424 410 sumus,
452 375 555 401 utrum
578 370 744 401 delendum
767 371 816 410 sit,
840 371 871 402 id
893 372 975 412 quod
1000 382 1070 402 cum
1091 371 1209 403 Orellio
1230 371 1369 404 Cobetus
1388 373 1541 413 probavit,
1565 373 1641 403 item
1660 371 1750 403 Mad-

207 426 322 468 vigius,
355 430 387 458 et
408 430 456 458 est
479 425 554 458 haee
576 426 673 468 proba
695 426 794 458 oratio
816 427 860 458 ad
878 433 1042 469 praecepta
1063 433 1148 460 aetas
1168 439 1231 460 non
1258 434 1309 469 est,
1338 440 1378 460 an
1406 427 1635 470 corrigendum,
1665 427 1750 460 velut

204 483 335 525 qrandie
349 482 475 513 Klotzio
498 487 659 523 acceptum
682 482 816 514 ferentes
838 483 978 525 plerique
1001 495 1109 515 omnes
1132 495 1215 515 nunc
1237 485 1270 514 in
1293 489 1380 515 textu
1395 489 1522 525 ponunt,
1547 495 1690 515 veremur
1709 494 1748 514 ne

206 538 310 581 specie
334 537 462 569 inducti.
492 537 601 569 Noctis
620 543 722 570 autem
746 536 789 579 (v.
806 537 849 579 9),
874 539 956 581 quod
977 539 1007 570 in
1029 539 1119 571 libris
1138 539 1289 582 scriptum
1307 544 1356 571 est
1373 541 1495 577 nostrie,
1516 540 1637 582 pridem
1656 539 1748 572 resti·

205 600 306 626 tutum
321 599 378 626 est.
414 593 476 626 Sed
492 595 583 626 nobis
599 595 691 635 longe
706 595 850 635 graviora
864 595 896 626 in
913 595 972 627 hac
992 601 1079 637 parte
1099 596 1304 637 disceptanda
1319 601 1401 627 sunt.
1436 597 1515 627 Nam
1532 597 1615 637 quod
1636 594 1747 628 Cicero

206 656 277 693 post
298 650 354 682 illa
375 660 455 692 quae
478 650 555 682 dicit
576 647 624 691 (9)
647 652 743 682 nostis
765 656 873 690 cetera,
896 651 1010 694 quibus
1030 663 1064 683 se
1088 651 1178 694 plura
1201 662 1240 683 ex
1265 652 1327 684 ista
1350 652 1488 684 oratione
1509 657 1618 694 poetae
1636 651 1747 684 afferre

205 707 288 739 nolle
310 707 437 747 indicat,
466 713 570 739 tamen
594 719 649 749 per
671 709 953 749 interrogationem,
982 708 1090 740 addita
1112 709 1272 750 particula,
1300 721 1339 740 ex
1362 709 1470 740 eadem
1493 710 1631 741 oratione
1655 720 1747 751 super

205 762 320 794 addere
336 762 459 793 videtur
473 762 550 793 haec
565 763 683 794 nonne?
696 762 755 794 “id
769 764 853 805 quod
866 764 955 795 multi
967 762 1160 803 invideanf’,
1181 764 1293 795 mirum
1308 775 1370 795 non
1386 770 1435 795 est
1449 764 1523 795 olim
1540 764 1640 795 doctis
1655 765 1746 795 valde

206 818 412 861 displicuisse.
430 817 571 858 Quorum
588 818 724 852 Orellius
740 820 879 852 oratione
895 831 952 862 pro
963 820 1092 852 Plancio
1108 831 1177 852 cnm
1194 821 1417 852 commentario
1429 819 1590 852 Garatonii
1607 832 1745 852 seorsum

205 875 289 906 edita
311 886 339 905 a.
362 875 445 906 1825
468 880 539 915 post
564 875 695 906 aliorum
721 882 897 907 commenta
925 877 1011 907 varia
1037 877 1207 908 studiosius
1235 887 1367 908 excussa
1393 877 1425 907 in
1453 888 1490 907 eo
1518 877 1746 917 persistendum

204 931 372 962 arbitratus
388 936 444 970 est,
467 935 500 962 ut
515 931 631 963 omisso
648 930 807 963 versu“id
825 932 909 974 quod
921 932 1011 963 multi
1023 929 1215 972 invideant''‚
1235 942 1328 973 quem
1343 932 1449 963 nescio
1465 932 1535 974 quis
1550 942 1588 964 ex
1607 932 1747 964 oratione

204 987 358 1026 Sestiana,
376 988 429 1019 ubi
445 987 553 1019 eadem
570 989 669 1019 verba>
680 999 750 1020 cnm
765 989 906 1030 pluribus
925 989 1069 1028 citantur,
1093 989 1133 1020 ad
1153 988 1236 1019 hunc
1251 988 1353 1019 locum
1373 988 1601 1029 adscripsisset,
1625 994 1745 1020 tantum

203 1054 303 1075 nonne
321 1043 473 1085 particula
488 1043 528 1074 ad
544 1042 705 1075 Ciceronis
720 1044 890 1076 orationem
906 1044 1094 1084 traheretur3
1115 1044 1307 1086 eandemque
1323 1045 1509 1076 sententiam
1526 1050 1635 1086 postea
1651 1044 1746 1076 Wun—

204 1100 296 1132 derus
324 1099 383 1132 hac
409 1100 548 1131 oratione
575 1111 645 1132 cum
669 1100 780 1143 amplis
806 1100 1038 1132 commentariis
1063 1112 1091 1132 a.
1115 1100 1198 1133 1830
1218 1101 1377 1143 publicata
1398 1101 1539 1143 pluribus
1560 1101 1653 1133 etiam
1674 1112 1745 1133 con—

203 1157 327 1187 firmare
350 1156 470 1187 studuit
492 1167 520 1197 p.
538 1166 606 1188 Lvu
629 1167 698 1199 sqq.
718 1162 750 1188 et
772 1157 842 1189 159.
876 1157 954 1188 Esto
979 1157 1017 1188 de
1038 1168 1143 1188 versu:
1168 1157 1223 1188 sed
1244 1168 1280 1188 eo
1306 1158 1421 1188 omisso
1445 1168 1526 1199 quae
1549 1158 1675 1189 residua
1698 1163 1746 1188 est

203 1213 302 1244 oratio
316 1214 412 1244 noetio
428 1219 540 1244 cetera:
559 1213 678 1244 nonne?
700 1224 776 1244 eane
795 1213 904 1244 decere
921 1212 1105 1245 Ciceronem
1121 1214 1298 1245 videbitur?
1320 1213 1439 1245 Orellio
1455 1214 1581 1255 quidem
1597 1215 1648 1256 qui
1664 1216 1747 1245 noeti

203 1269 321 1308 maluit,
346 1269 497 1310 probante
516 1268 681 1308 Wundero,
705 1280 798 1310 quam
817 1271 912 1301 noetis
931 1270 1035 1309 scribi,
1056 1270 1133 1300 haec
1154 1275 1186 1300 ut
1206 1269 1244 1300 ad
1267 1281 1360 1300 unum
1380 1268 1526 1301 Cassium
1546 1270 1742 1309 referrentur,

203 1335 265 1355 non
289 1324 357 1355 sine
380 1324 410 1355 vi
431 1323 565 1366 quadam
587 1324 667 1356 hanc
687 1329 837 1356 curtatam
857 1325 1131 1366 interrogationem
1152 1324 1226 1356 addi
1245 1325 1366 1367 putavit
1384 1323 1543 1366 (“nonne’‘
1559 1325 1625 1357 scil.
1644 1326 1745 1358 noeti!

201 1382 294 1413 immo
317 1382 428 1423 optime
443 1387 474 1412 tu
489 1382 579 1419 noeti,
596 1380 693 1422 Casei,
708 1381 796 1413 homo
811 1382 958 1413 nimirum
972 1382 1088 1414 erudite
1103 1379 1176 1422 cet.)
1196 1387 1227 1413 et
1245 1382 1328 1413 hunc
1344 1393 1431 1414 usum
1453 1383 1623 1424 particulae
1639 1383 1743 1414 verbis

203 1437 337 1468 stabiliri
357 1447 436 1478 quae
452 1442 525 1468 sunt
544 1437 576 1468 in
597 1438 736 1469 oratione
757 1448 812 1479 pro
828 1436 965 1469 Caecina
987 1438 1036 1469 13.
1057 1439 1096 1469 37
1117 1448 1222 1469 verum
1239 1439 1284 1468 ica
1303 1444 1354 1478 eet,
1375 1439 1423 1469 uti
1440 1439 1533 1469 dicis.-
1553 1444 1581 1469 ιε
1599 1439 1745 1469 deiectum

202 1492 292 1524 debeo
311 1493 492 1535 intelleyere,
513 1494 604 1524 etiam
622 1495 652 1525 ei
665 1499 761 1525 tactus
776 1504 838 1526 non
848 1493 963 1534 sueri&
986 1494 1106 1526 nonne?
1127 1505 1184 1536 aye
1197 1506 1279 1526 nunc
1293 1501 1351 1526 cet.
1383 1495 1427 1526 At
1443 1505 1516 1526 vero
1530 1505 1630 1526 nonne
1648 1495 1744 1526 totius

201 1550 300 1581 instar
323 1550 575 1590 interrogationis
598 1560 667 1581 esse
694 1550 774 1581 nihil
796 1555 845 1581 est
870 1551 1069 1581 insolentiae:
1098 1550 1137 1581 de
1163 1551 1319 1581 sententia
1345 1551 1512 1592 quaeritur.
1550 1551 1647 1592 Atqui
1675 1562 1742 1590 nos,

202 1605 254 1647 qui
270 1606 377 1644 noctis,
393 1605 477 1647 quod
493 1616 532 1637 ex
546 1605 635 1637 libris
651 1605 762 1647 prodit,
779 1606 949 1638 retinemus
965 1612 997 1638 et
1011 1606 1130 1638 iudices
1146 1606 1296 1648 appellari
1312 1617 1487 1646 censemus,
1504 1607 1536 1638 in
1554 1607 1622 1638 istis
1640 1607 1743 1639 verbis

201 1663 297 1693 noetis
320 1668 426 1702 cetera,
450 1663 562 1703 quibus
586 1661 707 1702 Cicero,
732 1663 775 1694 uti
799 1662 945 1701 diximus,
969 1663 1029 1694 sibi
1052 1663 1150 1694 otium
1171 1663 1248 1695 facit
1270 1663 1358 1704 plura
1381 1663 1540 1703 afferendi,
1564 1674 1625 1705 quo
1651 1664 1743 1695 modo

202 1728 294 1759 saepe
314 1718 348 1749 in
368 1717 462 1749 simili
483 1728 577 1749 causa
590 1717 727 1759 loquitur
741 1716 826 1758 (Cat.
843 1718 915 1750 mai.
931 1719 960 1759 6,
985 1719 1024 1750 16
1044 1725 1200 1760 ceteraque
1217 1720 1414 1760 gravanime.-
1436 1725 1541 1750 notum
1560 1721 1640 1750 enim
1658 1719 1743 1751 vobio

201 1785 322 1805 carmen
333 1780 391 1812 eet5
406 1773 481 1805 ibid.
497 1775 545 1814 17,
560 1774 611 1806 61.
634 1773 722 1806 Lael.
735 1775 765 1813 3,
784 1776 821 1806 11
839 1776 916 1816 quid
929 1775 1030 1806 dicam
1045 1776 1082 1807 de
1097 1776 1232 1807 moribus
1238 1775 1405 1816 facillimis
1420 1799 1426 1806 .
1446 1800 1453 1807 .
1469 1782 1543 1807 nota
1557 1783 1627 1807 eunt
1641 1776 1743 1814 vobio,-

200 1831 232 1860 in
252 1831 370 1861 Anton.
391 1839 450 1862 xm
471 1831 519 1870 14,
541 1831 584 1862 30
602 1831 679 1872 qaid
696 1832 830 1872 reliquos
848 1832 1093 1862 commemorem?
1114 1833 1210 1862 noetis
1229 1842 1345 1868 omnen
1371 1831 1412 1862 ad
1438 1832 1511 1863 fam.
1527 1841 1583 1871 vn,
1601 1833 1651 1872 28,
1669 1833 1689 1863 2
1709 1839 1743 1864 ut

200 1886 246 1918 ibi
266 1897 354 1926 enee,
372 1885 451 1918 “ubi
470 1898 524 1918 nee
546 1884 791 1929 Pelopidarum”
814 1889 896 1919 noeti
917 1885 1036 1928 cetera),
1065 1894 1128 1919 tam
1156 1887 1274 1919 nullam
1299 1888 1361 1919 vim
1388 1899 1457 1920 esse
1485 1888 1607 1929 aiimus,
1637 1894 1670 1920 ut
1692 1888 1741 1920 his

200 1942 294 1974 istam
308 1943 584 1984 interrogationem
600 1943 748 1982 (nonne3)
764 1943 889 1975 adnecti
903 1954 962 1974 neo
976 1944 1119 1985 exemplo
1134 1955 1192 1975 nec
1206 1945 1326 1975 ratione
1343 1944 1405 1975 ulla
1421 1945 1614 1985 comprobari
1630 1946 1739 1986 possit.

200 1997 311 2039 Itaque
327 1999 461 2030 rescisso
477 2010 568 2030 versu
585 1999 692 2030 haeret
706 2010 786 2040 aqua
801 1999 832 2030 in
853 2010 954 2030 nonne
968 1999 1121 2040 particula
1136 2010 1236 2040 neque
1253 2000 1304 2030 via
1320 2000 1379 2030 iam
1397 1999 1543 2041 expedita
1557 2005 1614 2031 est.
1647 1998 1739 2038 Quod

200 2054 252 2094 qui
281 2055 376 2095 probe
403 2055 562 2096 perspexit
588 2061 659 2096 post
681 2054 835 2087 Cobetum
862 2054 1029 2095 (Mnemos.
1053 2055 1136 2086 1862
1158 2066 1187 2096 p.
1210 2056 1273 2086 325
1293 2053 1353 2096 sq.)
1381 2055 1560 2094 Madvigius
1588 2054 1739 2095 (Advers.

200 2110 268 2142 erit.
284 2119 309 2143 11
329 2121 359 2152 p.
372 2109 449 2150 231)
472 2116 612 2153 apertum
628 2111 690 2143 iam
706 2110 890 2143 emendandi
914 2110 973 2142 iter
991 2116 1172 2152 persecutus
1191 2110 1375 2152 particulam
1392 2121 1454 2142 una
1469 2121 1538 2141 cum
1563 2122 1654 2143 versu
1669 2123 1738 2143 esse

200 2166 407 2199 abiiciendam
432 2168 529 2199 instat
547 2172 579 2199 et
603 2167 660 2199 hoc
683 2171 782 2199 totum
805 2178 906 2199 nonne
921 2166 984 2198 “id
1004 2168 1087 2208 quod
1106 2167 1195 2198 multi
1213 2164 1392 2198 invidearis*
1416 2166 1456 2198 ad
1476 2178 1570 2198 unum
1591 2167 1738 2199 eundem-

199 2232 259 2263 que
285 2222 538 2265 interpolatorem
561 2223 773 2264 reiiciendum,
797 2224 851 2265 qui
869 2234 925 2265 per
948 2223 1029 2254 hauc
1047 2223 1322 2263 interrogationem
1347 2222 1465 2264 aliquid
1487 2223 1621 2264 exempli
1644 2234 1740 2255 causa

199 2277 238 2308 ad
258 2278 319 2309 ista
337 2280 434 2310 noetio
454 2285 551 2311 cetera
570 2290 609 2310 ex
629 2290 686 2310 sua
705 2278 867 2311 Ciceronis
886 2279 1035 2310 memoria
1054 2278 1167 2310 addere
1187 2278 1327 2310 voluerit.
1363 2278 1405 2309 Et
1424 2278 1475 2310 hic
1495 2278 1635 2320 quidem,
1659 2290 1738 2321 quae

200 2333 309 2365 merita
324 2339 372 2366 est
386 2335 453 2367 eius
469 2335 500 2366 in
518 2335 576 2367 hoc
595 2346 709 2376 genere
723 2335 902 2375 auctoritas,
924 2335 1067 2376 plausum
1083 2335 1163 2366 tulit.
1191 2333 1254 2366 Sed
1275 2334 1435 2366 videamus
1455 2334 1583 2376 reliqna.
1613 2335 1737 2367 Etenim

199 2386 361 2421 Ciceronis
382 2391 479 2422 verba
496 2391 675 2422 criticorum
697 2391 847 2422 beneficio
866 2390 905 2421 ad
924 2390 1016 2421 istam
1038 2390 1221 2421 brevitatem
1242 2390 1368 2420 redacta
1383 2390 1543 2430 excipiunt
1563 2390 1638 2421 haee
1660 2402 1740 2432 quae

198 2446 321 2486 scripsit
340 2448 447 2488 qravie
460 2453 488 2477 et
501 2448 677 2488 inqeniosue
688 2453 791 2488 poeta,
811 2447 935 2488 scripsit
952 2457 1014 2477 non
1032 2452 1066 2476 ut
1083 2446 1153 2477 illos
1172 2448 1271 2487 reyioe
1283 2457 1408 2487 pueros,
1429 2448 1485 2487 qui
1504 2448 1568 2477 iam
1587 2458 1739 2488 nusquam

1499 2505 1533 2530 1·
